3198 5562
833 486 884 558 59

306 705 442 774 natum
473 706 533 776 ost
568 699 689 776 uleus.
755 700 885 789 Quare
920 724 1000 792 nos,
1036 701 1114 798 qua
1149 699 1349 798 potuimus
1385 697 1422 772 ei

306 829 521 905 necessaria
551 837 713 930 sumptu
743 836 886 924 nostru,
917 831 1226 928 procuravimus,
1259 830 1423 905 Chirur-

305 983 477 1058 gumquo
498 959 677 1036 misimus
694 960 762 1060 qui
781 961 884 1036 malo
905 962 1140 1036 mederetur.
1168 961 1221 1035 Et
1238 959 1423 1059 quamvis

305 1114 353 1164 ex
390 1090 517 1165 uloore
557 1115 740 1189 magnam
783 1094 976 1166 vermium
1013 1091 1165 1188 copiam
1202 1090 1422 1188 Chirurgus

306 1218 521 1310 abstulerit,
541 1218 674 1293 solerti
697 1225 828 1294 tamen
853 1219 936 1318 ojus
961 1218 1165 1317 diligentia
1189 1226 1227 1294 et
1251 1218 1421 1293 aliorum

307 1348 488 1448 vigilanti
514 1350 607 1424 eura
632 1356 792 1424 sanatus
818 1355 877 1424 est
900 1374 1020 1448 segem
1047 1349 1208 1448 jamque
1234 1349 1422 1423 robustus

306 1486 364 1554 est
405 1477 587 1572 famulus,
623 1503 752 1572 sanus,
790 1478 846 1553 uti
889 1477 1120 1555 confidimus
1155 1479 1240 1552 tum
1276 1478 1421 1570 animo,

307 1608 392 1683 tirm
421 1633 591 1705 corpore.

277 1727 289 1756 ⁸
356 1736 483 1833 Alius,
516 1762 657 1834 genere
688 1735 829 1812 nobilis
866 1709 911 1811 ed
945 1734 1199 1835 paupertatis,
1231 1736 1424 1810 effrenata

306 1869 377 1943 sut
398 1867 565 1961 licentiat,
584 1870 795 1966 perductus
812 1875 907 1956 erat,
927 1873 971 1942 ut
988 1892 1029 1942 se
1046 1867 1087 1941 in
1110 1868 1210 1941 hano
1227 1867 1423 1949 colonia-m

306 1995 541 2094 manciparit
575 1995 654 2089 ubi,
686 2021 757 2095 per
792 2021 914 2071 unum
949 2022 996 2071 ex
1031 1996 1185 2072 Nostris
1219 1998 1268 2071 ad
1303 1999 1422 2071 fidem

306 2133 452 2201 rectam
471 2132 509 2200 et
534 2127 687 2223 frugem
713 2126 856 2200 bonam
882 2133 1097 2218 revocatus,
1117 2125 1230 2200 anxie
1254 2151 1421 2223 semper,

307 2255 403 2329 num
446 2253 552 2329 viam
596 2278 773 2328 securam
816 2260 917 2329 esset
959 2253 1158 2350 ingressus
1203 2253 1423 2329 dubitabat.

307 2384 558 2483 Cirmque'se
593 2383 803 2482 aliquando
848 2383 948 2458 mari
988 2383 1029 2458 in
1074 2383 1255 2458 navicula
1297 2387 1425 2481 parva

307 2511 574 2605 commisisset,
594 2509 773 2585 horribili
797 2509 993 2585 exoriente
1016 2515 1247 2609 tempestate
1264 2510 1424 2608 qualem

307 2639 391 2740 ipse
425 2640 492 2739 qui
534 2639 636 2715 inter
671 2637 939 2738 navigandum
978 2639 1199 2737 frequentes
1238 2647 1423 2737 expertus

307 2771 445 2864 iuerat,
474 2770 674 2868 nunquam
705 2768 878 2862 vidisset,
901 2769 1062 2868 jamque
1089 2776 1238 2844 eertum
1265 2769 1422 2844 naufra-

308 2899 417 2998 gium
445 2900 643 2976 videretur
668 2897 883 2992 imminere,
904 2897 1032 2973 Deum
1058 2897 1223 2996 rogavit¹
1241 2899 1423 2973 ardenter

309 3037 363 3124 ut,
382 3030 423 3104 in
443 3036 632 3129 susceptae
656 3053 782 3127 nuper
805 3030 828 3104 at
845 3053 886 3104 se
909 3027 1000 3103 fidei
1024 3028 1369 3122 confirmationem,
1389 3029 1421 3103 si

309 3160 468 3259 quidem
494 3184 539 3234 ea
557 3183 650 3233 vera
675 3158 785 3250 foret,
805 3163 1047 3231 averteretur
1072 3180 1245 3254 praesens
1272 3155 1421 3254 perieu-

309 3289 405 3364 lum.
449 3288 618 3364 Audivit
636 3288 742 3363 Deus
761 3292 947 3378 orantem,
968 3281 1104 3361 etalio
1127 3287 1240 3361 versa
1260 3292 1423 3383 tempes-

309 3426 401 3510 tate,
433 3417 688 3493 fiuotuantem
724 3416 807 3516 ejus
839 3414 1015 3490 animum
1049 3414 1265 3514 tranquillat
1295 3413 1424 3514 quiete

310 3545 494 3622 firmavit.
544 3546 665 3622 Haud
693 3545 748 3620 ite
779 3543 903 3619 multo
934 3549 1023 3642 post
1052 3542 1164 3641 gravi
1195 3543 1331 3618 morbo
1362 3542 1425 3616 vir

310 3677 378 3754 ille
413 3678 602 3753 deductus
646 3677 696 3752 ad
731 3681 915 3766 extrema,
952 3671 1206 3747 sacramentis
1241 3671 1423 3746 omnibus
