<?xml version="1.0" encoding="UTF-8"?>
<!DOCTYPE html PUBLIC "-//W3C//DTD XHTML 1.0 Transitional//EN"
    "http://www.w3.org/TR/xhtml1/DTD/xhtml1-transitional.dtd">
<html xmlns="http://www.w3.org/1999/xhtml" xml:lang="en" lang="en">
 <head>
  <title>
</title>
<meta http-equiv="Content-Type" content="text/html;charset=utf-8" />
  <meta name='ocr-system' content='tesseract 3.04.00' />
  <meta name='ocr-capabilities' content='ocr_page ocr_carea ocr_par ocr_line ocrx_word'/>
</head>
<body>
  <div class='ocr_page' id='page_1' title='image "./relatioitineris01dalrgoog_0041.png"; bbox 0 0 3200 5530; ppageno 0'>
   <div class='ocr_carea' id='block_1_1' title="bbox 836 545 886 620">
    <p class='ocr_par' dir='ltr' id='par_1_1' title="bbox 836 545 886 620">
     <span class='ocr_line' id='line_1_1' title="bbox 836 545 886 620; baseline 0.04 -2"><span class='ocrx_word' id='word_1_1' title='bbox 836 545 886 620; x_wconf 76' lang='lat'><strong>22</strong></span> 
     </span>
    </p>
   </div>
   <div class='ocr_carea' id='block_1_2' title="bbox 217 757 1479 3830">
    <p class='ocr_par' dir='ltr' id='par_1_2' title="bbox 304 757 1424 1870">
     <span class='ocr_line' id='line_1_2' title="bbox 306 757 1424 859; baseline 0.001 -27"><span class='ocrx_word' id='word_1_2' title='bbox 306 765 403 833; x_wconf 90' lang='lat' dir='ltr'><strong>etse</strong></span> <span class='ocrx_word' id='word_1_3' title='bbox 429 757 572 834; x_wconf 80' lang='lat' dir='ltr'><strong>iterum</strong></span> <span class='ocrx_word' id='word_1_4' title='bbox 599 757 693 832; x_wconf 88' lang='lat' dir='ltr'><strong>caelo</strong></span> <span class='ocrx_word' id='word_1_5' title='bbox 711 758 970 834; x_wconf 88' lang='lat' dir='ltr'><strong>committunt.</strong></span> <span class='ocrx_word' id='word_1_6' title='bbox 1025 759 1124 836; x_wconf 79' lang='lat' dir='ltr'><strong>Cum</strong></span> <span class='ocrx_word' id='word_1_7' title='bbox 1151 760 1200 835; x_wconf 87' lang='lat' dir='ltr'><strong>ab</strong></span> <span class='ocrx_word' id='word_1_8' title='bbox 1227 767 1424 859; x_wconf 81' lang='lat' dir='ltr'><strong>aequatura</strong></span> 
     </span>
     <span class='ocr_line' id='line_1_3' title="bbox 306 886 1420 986; baseline 0.003 -25"><span class='ocrx_word' id='word_1_9' title='bbox 306 912 384 961; x_wconf 93' lang='lat' dir='ltr'><strong>uno</strong></span> <span class='ocrx_word' id='word_1_10' title='bbox 403 893 441 962; x_wconf 90' lang='lat' dir='ltr'><strong>et</strong></span> <span class='ocrx_word' id='word_1_11' title='bbox 467 886 608 985; x_wconf 82' lang='lat' dir='ltr'><strong>viginti</strong></span> <span class='ocrx_word' id='word_1_12' title='bbox 633 887 821 985; x_wconf 84' lang='lat' dir='ltr'><strong>gradibus</strong></span> <span class='ocrx_word' id='word_1_13' title='bbox 839 897 878 962; x_wconf 89' lang='lat' dir='ltr'><strong>et</strong></span> <span class='ocrx_word' id='word_1_14' title='bbox 904 887 1052 986; x_wconf 80' lang='lat' dir='ltr'>aliquot</span> <span class='ocrx_word' id='word_1_15' title='bbox 1077 889 1241 964; x_wconf 90' lang='lat' dir='ltr'><strong>minutis</strong></span> <span class='ocrx_word' id='word_1_16' title='bbox 1270 891 1420 965; x_wconf 89' lang='lat' dir='ltr'><strong>abesse·</strong></span> 
     </span>
     <span class='ocr_line' id='line_1_4' title="bbox 306 1015 1423 1117; baseline 0.003 -27"><span class='ocrx_word' id='word_1_17' title='bbox 306 1040 406 1110; x_wconf 89' lang='lat' dir='ltr'><strong>mus,</strong></span> <span class='ocrx_word' id='word_1_18' title='bbox 425 1015 494 1091; x_wconf 93' lang='lat' dir='ltr'><strong>ubi</strong></span> <span class='ocrx_word' id='word_1_19' title='bbox 518 1015 690 1115; x_wconf 91' lang='lat' dir='ltr'><strong>tropicus</strong></span> <span class='ocrx_word' id='word_1_20' title='bbox 715 1015 863 1114; x_wconf 78' lang='lat' dir='ltr'><strong>incipit,</strong></span> <span class='ocrx_word' id='word_1_21' title='bbox 882 1017 1015 1092; x_wconf 82' lang='lat' dir='ltr'><strong>videre</strong></span> <span class='ocrx_word' id='word_1_22' title='bbox 1041 1025 1126 1092; x_wconf 89' lang='lat' dir='ltr'><strong>erat</strong></span> <span class='ocrx_word' id='word_1_23' title='bbox 1151 1043 1242 1093; x_wconf 90' lang='lat' dir='ltr'><strong>aves</strong></span> <span class='ocrx_word' id='word_1_24' title='bbox 1270 1020 1423 1117; x_wconf 72' lang='lat' dir='ltr'><strong>quasa</strong></span> 
     </span>
     <span class='ocr_line' id='line_1_5' title="bbox 306 1141 1424 1243; baseline 0.002 -25"><span class='ocrx_word' id='word_1_25' title='bbox 306 1143 399 1240; x_wconf 82' lang='lat' dir='ltr'><strong>locO,</strong></span> <span class='ocrx_word' id='word_1_26' title='bbox 426 1143 595 1242; x_wconf 88' lang='lat' dir='ltr'><strong>tropicas</strong></span> <span class='ocrx_word' id='word_1_27' title='bbox 622 1151 773 1237; x_wconf 85' lang='lat' dir='ltr'><strong>vocant,</strong></span> <span class='ocrx_word' id='word_1_28' title='bbox 799 1144 841 1219; x_wconf 91' lang='lat' dir='ltr'><strong>in</strong></span> <span class='ocrx_word' id='word_1_29' title='bbox 866 1170 942 1220; x_wconf 84' lang='lat' dir='ltr'><strong>aare</strong></span> <span class='ocrx_word' id='word_1_30' title='bbox 968 1148 1173 1243; x_wconf 85' lang='lat' dir='ltr'><strong>pendulas:</strong></span> <span class='ocrx_word' id='word_1_31' title='bbox 1203 1147 1303 1241; x_wconf 87' lang='lat' dir='ltr'><strong>Illae,</strong></span> <span class='ocrx_word' id='word_1_32' title='bbox 1332 1141 1424 1222; x_wconf 79' lang='lat' dir='ltr'><strong>cum</strong></span> 
     </span>
     <span class='ocr_line' id='line_1_6' title="bbox 305 1273 1419 1374; baseline 0.002 -26"><span class='ocrx_word' id='word_1_33' title='bbox 305 1273 494 1348; x_wconf 88' lang='lat' dir='ltr'><strong>falconem</strong></span> <span class='ocrx_word' id='word_1_34' title='bbox 522 1273 624 1349; x_wconf 87' lang='lat' dir='ltr'><strong>mole</strong></span> <span class='ocrx_word' id='word_1_35' title='bbox 650 1274 866 1371; x_wconf 71' lang='lat' dir='ltr'><strong>adaequent,</strong></span> <span class='ocrx_word' id='word_1_36' title='bbox 887 1275 1038 1349; x_wconf 88' lang='lat' dir='ltr'><strong>duabus</strong></span> <span class='ocrx_word' id='word_1_37' title='bbox 1064 1274 1275 1374; x_wconf 84' lang='lat' dir='ltr'><strong>praelongis</strong></span> <span class='ocrx_word' id='word_1_38' title='bbox 1302 1283 1342 1351; x_wconf 88' lang='lat' dir='ltr'><strong>et</strong></span> <span class='ocrx_word' id='word_1_39' title='bbox 1365 1275 1419 1350; x_wconf 88' lang='lat' dir='ltr'><strong>al·</strong></span> 
     </span>
     <span class='ocr_line' id='line_1_7' title="bbox 306 1401 1423 1501; baseline 0.001 -24"><span class='ocrx_word' id='word_1_40' title='bbox 306 1401 488 1477; x_wconf 82' lang='lat' dir='ltr'><strong>bentibus</strong></span> <span class='ocrx_word' id='word_1_41' title='bbox 514 1401 661 1500; x_wconf 83' lang='lat' dir='ltr'><strong>plumis</strong></span> <span class='ocrx_word' id='word_1_42' title='bbox 687 1402 728 1476; x_wconf 91' lang='lat' dir='ltr'><strong>in</strong></span> <span class='ocrx_word' id='word_1_43' title='bbox 747 1404 871 1477; x_wconf 72' lang='lat' dir='ltr'><strong>cauda</strong></span> <span class='ocrx_word' id='word_1_44' title='bbox 896 1401 1123 1501; x_wconf 74' lang='lat' dir='ltr'><strong>conspicuae,</strong></span> <span class='ocrx_word' id='word_1_45' title='bbox 1142 1403 1336 1481; x_wconf 86' lang='lat' dir='ltr'><strong>incertum</strong></span> <span class='ocrx_word' id='word_1_46' title='bbox 1363 1411 1423 1480; x_wconf 87' lang='lat' dir='ltr'><strong>est</strong></span> 
     </span>
     <span class='ocr_line' id='line_1_8' title="bbox 306 1530 1423 1633; baseline 0.001 -28"><span class='ocrx_word' id='word_1_47' title='bbox 306 1555 356 1605; x_wconf 90' lang='lat' dir='ltr'><strong>an</strong></span> <span class='ocrx_word' id='word_1_48' title='bbox 387 1530 467 1606; x_wconf 73' lang='lat' dir='ltr'><strong>aeri</strong></span> <span class='ocrx_word' id='word_1_49' title='bbox 504 1532 692 1630; x_wconf 69' lang='lat' dir='ltr'><strong>perpetui)</strong></span> <span class='ocrx_word' id='word_1_50' title='bbox 722 1530 928 1624; x_wconf 89' lang='lat' dir='ltr'><strong>insideant,</strong></span> <span class='ocrx_word' id='word_1_51' title='bbox 957 1556 1007 1606; x_wconf 90' lang='lat' dir='ltr'><strong>an</strong></span> <span class='ocrx_word' id='word_1_52' title='bbox 1045 1535 1277 1631; x_wconf 84' lang='lat' dir='ltr'><strong>quandbque</strong></span> <span class='ocrx_word' id='word_1_53' title='bbox 1309 1533 1423 1633; x_wconf 92' lang='lat' dir='ltr'><strong>aquis</strong></span> 
     </span>
     <span class='ocr_line' id='line_1_9' title="bbox 304 1660 1419 1755; baseline 0.002 -21"><span class='ocrx_word' id='word_1_54' title='bbox 304 1685 345 1736; x_wconf 89' lang='lat' dir='ltr'><strong>se</strong></span> <span class='ocrx_word' id='word_1_55' title='bbox 379 1667 609 1737; x_wconf 80' lang='lat' dir='ltr'><strong>sustentent.</strong></span> <span class='ocrx_word' id='word_1_56' title='bbox 675 1660 821 1754; x_wconf 83' lang='lat' dir='ltr'><strong>Cetera,</strong></span> <span class='ocrx_word' id='word_1_57' title='bbox 858 1667 902 1735; x_wconf 95' lang='lat' dir='ltr'><strong>ut</strong></span> <span class='ocrx_word' id='word_1_58' title='bbox 937 1660 1103 1735; x_wconf 89' lang='lat' dir='ltr'><strong>aliorum</strong></span> <span class='ocrx_word' id='word_1_59' title='bbox 1139 1661 1280 1736; x_wconf 88' lang='lat' dir='ltr'><strong>litteris</strong></span> <span class='ocrx_word' id='word_1_60' title='bbox 1317 1668 1419 1755; x_wconf 89' lang='lat' dir='ltr'><strong>nota,</strong></span> 
     </span>
     <span class='ocr_line' id='line_1_10' title="bbox 304 1789 495 1870; baseline 0 -5"><span class='ocrx_word' id='word_1_61' title='bbox 304 1789 495 1870; x_wconf 54' lang='lat' dir='ltr'><strong>omittam&gt;</strong></span> 
     </span>
    </p>

    <p class='ocr_par' dir='ltr' id='par_1_3' title="bbox 217 1921 1479 3830">
     <span class='ocr_line' id='line_1_11' title="bbox 355 1921 1419 2019; baseline 0 -23"><span class='ocrx_word' id='word_1_62' title='bbox 355 1922 453 1996; x_wconf 80' lang='lat' dir='ltr'><strong>Cum</strong></span> <span class='ocrx_word' id='word_1_63' title='bbox 487 1921 637 1996; x_wconf 89' lang='lat' dir='ltr'><strong>insulas</strong></span> <span class='ocrx_word' id='word_1_64' title='bbox 673 1921 909 1996; x_wconf 82' lang='lat' dir='ltr'><strong>Fortunatas</strong></span> <span class='ocrx_word' id='word_1_65' title='bbox 944 1944 1116 1995; x_wconf 88' lang='lat' dir='ltr'><strong>essemus</strong></span> <span class='ocrx_word' id='word_1_66' title='bbox 1160 1922 1419 2019; x_wconf 85' lang='lat' dir='ltr'><strong>praetervecti,</strong></span> 
     </span>
     <span class='ocr_line' id='line_1_12' title="bbox 305 2049 1420 2142; baseline 0.001 -18"><span class='ocrx_word' id='word_1_67' title='bbox 305 2050 497 2126; x_wconf 85' lang='lat' dir='ltr'><strong>Dominus</strong></span> <span class='ocrx_word' id='word_1_68' title='bbox 546 2050 774 2125; x_wconf 87' lang='lat' dir='ltr'><strong>Leonardus</strong></span> <span class='ocrx_word' id='word_1_69' title='bbox 818 2049 986 2142; x_wconf 82' lang='lat' dir='ltr'><strong>Calvert,</strong></span> <span class='ocrx_word' id='word_1_70' title='bbox 1019 2049 1231 2125; x_wconf 75' lang='lat' dir='ltr'><strong>Praefectus</strong></span> <span class='ocrx_word' id='word_1_71' title='bbox 1275 2049 1420 2125; x_wconf 78' lang='lat' dir='ltr'><strong>Classis</strong></span> 
     </span>
     <span class='ocr_line' id='line_1_13' title="bbox 302 2179 1420 2280; baseline -0.001 -24"><span class='ocrx_word' id='word_1_72' title='bbox 302 2180 451 2280; x_wconf 83' lang='lat' dir='ltr'><strong>agitare</strong></span> <span class='ocrx_word' id='word_1_73' title='bbox 484 2179 603 2279; x_wconf 90' lang='lat' dir='ltr'><strong>coepit</strong></span> <span class='ocrx_word' id='word_1_74' title='bbox 647 2205 743 2278; x_wconf 88' lang='lat' dir='ltr'><strong>quas</strong></span> <span class='ocrx_word' id='word_1_75' title='bbox 779 2204 936 2272; x_wconf 84' lang='lat' dir='ltr'><strong>merces,</strong></span> <span class='ocrx_word' id='word_1_76' title='bbox 973 2185 1011 2254; x_wconf 91' lang='lat' dir='ltr'><strong>et</strong></span> <span class='ocrx_word' id='word_1_77' title='bbox 1046 2180 1150 2254; x_wconf 78' lang='lat' dir='ltr'><strong>unde</strong></span> <span class='ocrx_word' id='word_1_78' title='bbox 1194 2201 1420 2278; x_wconf 83' lang='lat' dir='ltr'><strong>comparare</strong></span> 
     </span>
     <span class='ocr_line' id='line_1_14' title="bbox 301 2307 1419 2408; baseline 0.002 -24"><span class='ocrx_word' id='word_1_79' title='bbox 301 2315 432 2408; x_wconf 91' lang='lat' dir='ltr'><strong>posset</strong></span> <span class='ocrx_word' id='word_1_80' title='bbox 460 2308 552 2383; x_wconf 89' lang='lat' dir='ltr'><strong>navi</strong></span> <span class='ocrx_word' id='word_1_81' title='bbox 580 2307 713 2384; x_wconf 87' lang='lat' dir='ltr'><strong>reduci</strong></span> <span class='ocrx_word' id='word_1_82' title='bbox 742 2311 961 2402; x_wconf 73' lang='lat' dir='ltr'><strong>onerandas,</strong></span> <span class='ocrx_word' id='word_1_83' title='bbox 990 2333 1065 2407; x_wconf 92' lang='lat' dir='ltr'><strong>quo</strong></span> <span class='ocrx_word' id='word_1_84' title='bbox 1095 2308 1226 2384; x_wconf 89' lang='lat' dir='ltr'><strong>fratris</strong></span> <span class='ocrx_word' id='word_1_85' title='bbox 1255 2310 1315 2384; x_wconf 86' lang='lat' dir='ltr'><strong>sui</strong></span> <span class='ocrx_word' id='word_1_86' title='bbox 1345 2310 1419 2386; x_wconf 88' lang='lat' dir='ltr'><strong>Ba·</strong></span> 
     </span>
     <span class='ocr_line' id='line_1_15' title="bbox 301 2438 1459 2538; baseline 0.003 -24"><span class='ocrx_word' id='word_1_87' title='bbox 301 2439 407 2515; x_wconf 92' lang='lat' dir='ltr'><strong>ronis</strong></span> <span class='ocrx_word' id='word_1_88' title='bbox 435 2443 482 2515; x_wconf 92' lang='lat' dir='ltr'><strong>de</strong></span> <span class='ocrx_word' id='word_1_89' title='bbox 509 2439 725 2514; x_wconf 90' lang='lat' dir='ltr'><strong>Baltimore</strong></span> <span class='ocrx_word' id='word_1_90' title='bbox 752 2438 973 2538; x_wconf 90' lang='lat' dir='ltr'><strong>sumptibus</strong></span> <span class='ocrx_word' id='word_1_91' title='bbox 1000 2445 1166 2517; x_wconf 81' lang='lat' dir='ltr'><strong>caveret,</strong></span> <span class='ocrx_word' id='word_1_92' title='bbox 1219 2439 1287 2513; x_wconf 95' lang='lat' dir='ltr'><strong>Illi</strong></span> <span class='ocrx_word' id='word_1_93' title='bbox 1314 2439 1418 2514; x_wconf 86' lang='lat' dir='ltr'><strong>enim</strong></span> <span class='ocrx_word' id='word_1_94' title='bbox 1447 2498 1459 2518; x_wconf 83' lang='grc'><strong>.</strong></span> 
     </span>
     <span class='ocr_line' id='line_1_16' title="bbox 301 2565 1416 2666; baseline 0 -22"><span class='ocrx_word' id='word_1_95' title='bbox 301 2576 346 2644; x_wconf 88' lang='lat' dir='ltr'><strong>ut</strong></span> <span class='ocrx_word' id='word_1_96' title='bbox 369 2568 489 2644; x_wconf 90' lang='lat' dir='ltr'><strong>totius</strong></span> <span class='ocrx_word' id='word_1_97' title='bbox 517 2567 778 2666; x_wconf 82' lang='lat' dir='ltr'><strong>navigationis</strong></span> <span class='ocrx_word' id='word_1_98' title='bbox 805 2565 974 2665; x_wconf 91' lang='lat' dir='ltr'><strong>principi</strong></span> <span class='ocrx_word' id='word_1_99' title='bbox 1001 2591 1099 2641; x_wconf 92' lang='lat' dir='ltr'><strong>onus</strong></span> <span class='ocrx_word' id='word_1_100' title='bbox 1131 2566 1329 2665; x_wconf 83' lang='lat' dir='ltr'><strong>integrum</strong></span> <span class='ocrx_word' id='word_1_101' title='bbox 1358 2567 1416 2644; x_wconf 90' lang='lat' dir='ltr'><strong>in·</strong></span> 
     </span>
     <span class='ocr_line' id='line_1_17' title="bbox 300 2694 1418 2794; baseline -0.002 -23"><span class='ocrx_word' id='word_1_102' title='bbox 300 2697 518 2772; x_wconf 88' lang='lat' dir='ltr'><strong>cumbebat.</strong></span> <span class='ocrx_word' id='word_1_103' title='bbox 572 2695 621 2771; x_wconf 90' lang='lat' dir='ltr'><strong>In</strong></span> <span class='ocrx_word' id='word_1_104' title='bbox 648 2695 831 2794; x_wconf 73' lang='lat' dir='ltr'><strong>Virginiat</strong></span> <span class='ocrx_word' id='word_1_105' title='bbox 862 2697 885 2769; x_wconf 78' lang='lat' dir='ltr'><strong>a</strong></span> <span class='ocrx_word' id='word_1_106' title='bbox 916 2694 1154 2769; x_wconf 88' lang='lat' dir='ltr'><strong>nostratibus</strong></span> <span class='ocrx_word' id='word_1_107' title='bbox 1184 2694 1282 2769; x_wconf 91' lang='lat' dir='ltr'><strong>nihil</strong></span> <span class='ocrx_word' id='word_1_108' title='bbox 1314 2721 1418 2771; x_wconf 91' lang='lat' dir='ltr'><strong>com-</strong></span> 
     </span>
     <span class='ocr_line' id='line_1_18' title="bbox 300 2824 1419 2925; baseline -0.001 -23"><span class='ocrx_word' id='word_1_109' title='bbox 300 2827 406 2914; x_wconf 83' lang='lat' dir='ltr'><strong>modi</strong></span> <span class='ocrx_word' id='word_1_110' title='bbox 425 2827 671 2925; x_wconf 88' lang='lat' dir='ltr'><strong>sperabatur;</strong></span> <span class='ocrx_word' id='word_1_111' title='bbox 700 2834 793 2901; x_wconf 87' lang='lat' dir='ltr'><strong>sunt</strong></span> <span class='ocrx_word' id='word_1_112' title='bbox 810 2825 914 2901; x_wconf 87' lang='lat' dir='ltr'><strong>enirn</strong></span> <span class='ocrx_word' id='word_1_113' title='bbox 940 2824 1030 2899; x_wconf 92' lang='lat' dir='ltr'><strong>huic</strong></span> <span class='ocrx_word' id='word_1_114' title='bbox 1049 2849 1161 2899; x_wconf 88' lang='lat' dir='ltr'><strong>novae</strong></span> <span class='ocrx_word' id='word_1_115' title='bbox 1184 2826 1419 2924; x_wconf 87' lang='lat' dir='ltr'><strong>plantationi</strong></span> 
     </span>
     <span class='ocr_line' id='line_1_19' title="bbox 217 2949 1417 3054; baseline 0.001 -25"><span class='ocrx_word' id='word_1_116' title='bbox 217 2949 223 2964; x_wconf 85' lang='grc'><em>’</em></span> <span class='ocrx_word' id='word_1_117' title='bbox 300 2955 461 3032; x_wconf 85' lang='lat' dir='ltr'><strong>infensi:</strong></span> <span class='ocrx_word' id='word_1_118' title='bbox 490 2956 621 3054; x_wconf 90' lang='lat' dir='ltr'><strong>itaque</strong></span> <span class='ocrx_word' id='word_1_119' title='bbox 647 2958 696 3032; x_wconf 89' lang='lat' dir='ltr'><strong>ad</strong></span> <span class='ocrx_word' id='word_1_120' title='bbox 722 2955 893 3030; x_wconf 89' lang='lat' dir='ltr'><strong>insulam</strong></span> <span class='ocrx_word' id='word_1_121' title='bbox 921 2953 966 3029; x_wconf 66' lang='lat' dir='ltr'><strong>sn</strong></span> <span class='ocrx_word' id='word_1_122' title='bbox 991 2953 1259 3052; x_wconf 86' lang='lat' dir='ltr'><strong>Christophori</strong></span> <span class='ocrx_word' id='word_1_123' title='bbox 1287 2957 1417 3030; x_wconf 84' lang='lat' dir='ltr'><strong>tende·</strong></span> 
     </span>
     <span class='ocr_line' id='line_1_20' title="bbox 299 3082 1418 3176; baseline -0.004 -18"><span class='ocrx_word' id='word_1_124' title='bbox 299 3084 460 3176; x_wconf 80' lang='lat' dir='ltr'><strong>bamus3</strong></span> <span class='ocrx_word' id='word_1_125' title='bbox 488 3085 577 3160; x_wconf 78' lang='lat' dir='ltr'><strong>cunr</strong></span> <span class='ocrx_word' id='word_1_126' title='bbox 600 3083 761 3158; x_wconf 91' lang='lat' dir='ltr'><strong>concilio</strong></span> <span class='ocrx_word' id='word_1_127' title='bbox 780 3082 968 3175; x_wconf 86' lang='lat' dir='ltr'><strong>adhibito,</strong></span> <span class='ocrx_word' id='word_1_128' title='bbox 988 3088 1165 3156; x_wconf 88' lang='lat' dir='ltr'><strong>verentes</strong></span> <span class='ocrx_word' id='word_1_129' title='bbox 1189 3106 1247 3175; x_wconf 88' lang='lat' dir='ltr'><strong>no,</strong></span> <span class='ocrx_word' id='word_1_130' title='bbox 1267 3083 1313 3157; x_wconf 79' lang='lat' dir='ltr'><strong>eat</strong></span> <span class='ocrx_word' id='word_1_131' title='bbox 1330 3083 1418 3158; x_wconf 79' lang='lat' dir='ltr'><strong>serat</strong></span> 
     </span>
     <span class='ocr_line' id='line_1_21' title="bbox 302 3211 1479 3318; baseline -0.003 -29"><span class='ocrx_word' id='word_1_132' title='bbox 302 3214 395 3289; x_wconf 91' lang='lat' dir='ltr'><strong>anni</strong></span> <span class='ocrx_word' id='word_1_133' title='bbox 420 3221 663 3313; x_wconf 87' lang='lat' dir='ltr'><strong>tempestate,</strong></span> <span class='ocrx_word' id='word_1_134' title='bbox 689 3214 757 3289; x_wconf 90' lang='lat' dir='ltr'><strong>alii</strong></span> <span class='ocrx_word' id='word_1_135' title='bbox 785 3239 854 3289; x_wconf 91' lang='lat' dir='ltr'><strong>nos</strong></span> <span class='ocrx_word' id='word_1_136' title='bbox 881 3211 1174 3312; x_wconf 67' lang='lat' dir='ltr'><strong>praevenissent,</strong></span> <span class='ocrx_word' id='word_1_137' title='bbox 1193 3236 1329 3310; x_wconf 90' lang='lat' dir='ltr'><strong>proras</strong></span> <span class='ocrx_word' id='word_1_138' title='bbox 1356 3213 1418 3286; x_wconf 94' lang='lat' dir='ltr'><strong>ob·</strong></span> <span class='ocrx_word' id='word_1_139' title='bbox 1477 3316 1479 3318; x_wconf 15' lang='grc' dir='ltr'>Ι</span> 
     </span>
     <span class='ocr_line' id='line_1_22' title="bbox 301 3339 1417 3438; baseline -0.003 -21"><span class='ocrx_word' id='word_1_140' title='bbox 301 3341 492 3418; x_wconf 84' lang='lat' dir='ltr'><strong>vertimus</strong></span> <span class='ocrx_word' id='word_1_141' title='bbox 528 3345 578 3418; x_wconf 89' lang='lat' dir='ltr'><strong>ad</strong></span> <span class='ocrx_word' id='word_1_142' title='bbox 618 3351 794 3419; x_wconf 87' lang='lat' dir='ltr'><strong>austrum</strong></span> <span class='ocrx_word' id='word_1_143' title='bbox 832 3349 875 3417; x_wconf 91' lang='lat' dir='ltr'><strong>ut</strong></span> <span class='ocrx_word' id='word_1_144' title='bbox 918 3339 1134 3415; x_wconf 84' lang='lat' dir='ltr'><strong>Bonavista</strong></span> <span class='ocrx_word' id='word_1_145' title='bbox 1176 3339 1417 3438; x_wconf 90' lang='lat' dir='ltr'><strong>potiremur:</strong></span> 
     </span>
     <span class='ocr_line' id='line_1_23' title="bbox 302 3469 1418 3572; baseline -0.003 -25"><span class='ocrx_word' id='word_1_146' title='bbox 302 3497 389 3572; x_wconf 87' lang='lat' dir='ltr'><strong>quae</strong></span> <span class='ocrx_word' id='word_1_147' title='bbox 420 3471 561 3566; x_wconf 88' lang='lat' dir='ltr'><strong>insula,</strong></span> <span class='ocrx_word' id='word_1_148' title='bbox 592 3473 743 3571; x_wconf 81' lang='lat' dir='ltr'><strong>angolae</strong></span> <span class='ocrx_word' id='word_1_149' title='bbox 778 3471 957 3570; x_wconf 88' lang='lat' dir='ltr'><strong>apposita</strong></span> <span class='ocrx_word' id='word_1_150' title='bbox 990 3469 1028 3543; x_wconf 95' lang='lat' dir='ltr'><strong>in</strong></span> <span class='ocrx_word' id='word_1_151' title='bbox 1067 3469 1197 3544; x_wconf 89' lang='lat' dir='ltr'><strong>littore</strong></span> <span class='ocrx_word' id='word_1_152' title='bbox 1231 3469 1418 3544; x_wconf 88' lang='lat' dir='ltr'><strong>Africano</strong></span> 
     </span>
     <span class='ocr_line' id='line_1_24' title="bbox 302 3598 1418 3701; baseline -0.001 -26"><span class='ocrx_word' id='word_1_153' title='bbox 302 3600 488 3700; x_wconf 83' lang='lat' dir='ltr'><strong>gradibus</strong></span> <span class='ocrx_word' id='word_1_154' title='bbox 516 3603 576 3676; x_wconf 76' lang='lat'>14&#39;.</span> <span class='ocrx_word' id='word_1_155' title='bbox 599 3603 648 3676; x_wconf 87' lang='lat' dir='ltr'><strong>ab</strong></span> <span class='ocrx_word' id='word_1_156' title='bbox 675 3609 880 3701; x_wconf 83' lang='lat' dir='ltr'><strong>aequatore,</strong></span> <span class='ocrx_word' id='word_1_157' title='bbox 900 3598 1015 3674; x_wconf 90' lang='lat' dir='ltr'><strong>statio</strong></span> <span class='ocrx_word' id='word_1_158' title='bbox 1042 3605 1101 3672; x_wconf 89' lang='lat' dir='ltr'><strong>est</strong></span> <span class='ocrx_word' id='word_1_159' title='bbox 1127 3598 1418 3675; x_wconf 86' lang='lat' dir='ltr'><strong>Hollandorum</strong></span> 
     </span>
     <span class='ocr_line' id='line_1_25' title="bbox 304 3726 1417 3830; baseline -0.004 -23"><span class='ocrx_word' id='word_1_160' title='bbox 304 3732 424 3807; x_wconf 87' lang='lat' dir='ltr'><strong>salem</strong></span> <span class='ocrx_word' id='word_1_161' title='bbox 460 3731 784 3830; x_wconf 88' lang='lat' dir='ltr'><strong>conquirentium,</strong></span> <span class='ocrx_word' id='word_1_162' title='bbox 817 3755 932 3828; x_wconf 82' lang='lat' dir='ltr'><strong>quem</strong></span> <span class='ocrx_word' id='word_1_163' title='bbox 970 3726 1120 3820; x_wconf 78' lang='lat' dir='ltr'><strong>deinde,</strong></span> <span class='ocrx_word' id='word_1_164' title='bbox 1151 3726 1213 3801; x_wconf 87' lang='lat' dir='ltr'><strong>vel</strong></span> <span class='ocrx_word' id='word_1_165' title='bbox 1245 3730 1417 3822; x_wconf 86' lang='lat' dir='ltr'><strong>domum,</strong></span> 
     </span>
    </p>
   </div>
   <div class='ocr_carea' id='block_1_3' title="bbox 0 0 1604 5530">
    <p class='ocr_par' dir='ltr' id='par_1_4' title="bbox 0 0 1604 5530">
     <span class='ocr_line' id='line_1_26' title="bbox 0 0 1604 5530; baseline 0 0"><span class='ocrx_word' id='word_1_166' title='bbox 0 0 1604 5530; x_wconf 95' lang='lat' dir='ltr'><strong> </strong></span> 
     </span>
    </p>
   </div>
  </div>
 </body>
</html>
