3198 5562
814 561 864 638 60

202 759 211 774 ’
278 779 479 878 susceptis,
508 780 587 854 unt
612 777 764 853 circiter
790 779 880 852 ante
907 777 1058 852 obitum
1086 777 1193 870 horat,
1222 775 1391 852 Catholi-

279 934 369 984 cum
403 916 623 984 curatorem
655 933 770 984 suum
805 907 961 1006 rogavit
995 915 1040 984 ut
1073 933 1144 1008 pro
1179 933 1220 984 se
1255 913 1395 982 oraret.

280 1037 475 1114 Credibile
493 1043 551 1112 est
573 1037 721 1112 malum
740 1036 781 1110 in
799 1036 1000 1136 Angelum
1019 1062 1060 1112 se
1078 1037 1397 1136 conspiciendum

281 1167 514 1267 praebuisse;
542 1169 633 1242 nam
653 1168 693 1242 in
721 1167 806 1266 ipso
827 1168 927 1267 pene
949 1168 1085 1244 mortis
1109 1168 1285 1262 articulo,
1305 1193 1397 1243 eun·

281 1298 371 1373 dem
397 1321 539 1372 vocans
565 1303 800 1388 curatorem*
815 1295 934 1372 alacri
961 1321 1054 1372 voco
1081 1296 1200 1372 dixit:
1230 1304 1396 1372 “nonno

270 1399 392 1499 ¹vides
423 1423 607 1523 angelum
643 1449 773 1500 meum
809 1407 986 1500 bonum?
1050 1425 1134 1500 En!
1175 1425 1233 1501 uti
1268 1426 1399 1501 adstat

283 1579 346 1629 me
380 1561 673 1652 asportaturus:
715 1555 939 1630 abeundum
974 1553 1073 1630 mihi
1108 1555 1203 1631 est.’'
1265 1556 1399 1654 Atque

281 1682 338 1758 ita
363 1681 514 1758 felicem
545 1681 620 1782 (uti
651 1707 809 1779 sperare
839 1684 897 1758 fas
924 1684 998 1782 est)
1029 1682 1205 1757 animam
1231 1682 1398 1781 exspiri-

284 1813 354 1894 vit.
395 1812 491 1887 Post
520 1811 778 1910 sepulturam,
805 1811 1023 1887 clarissima
1048 1812 1117 1888 lux
1143 1819 1270 1907 noctu,
1298 1813 1400 1890 circa

284 1943 368 2041 ojus
412 1942 622 2035 tumulum,
666 1941 784 2017 otiam
829 1943 852 2017 a
899 1943 1211 2020 Protestantibus
1255 1943 1399 2042 saepius

285 2077 489 2170 conspecta
515 2077 584 2146 est.

336 2202 444 2276 Duos
473 2206 663 2298 praeterea
688 2198 835 2292 Gallos
863 2199 1024 2298 quidam
1048 2227 1096 2278 ex
1123 2201 1267 2277 nostris
1290 2203 1399 2277 extra

285 2330 485 2407 Coloniam
508 2355 714 2406 excurrens
735 2330 921 2429 repperit,
940 2355 1107 2429 quorum
1126 2332 1226 2408 alter
1246 2330 1399 2430 integro

283 2459 452 2537 triennio
479 2459 687 2534 Catholicre
713 2459 898 2536 Ecclesiae
923 2459 1176 2536 sacramentis
1202 2467 1398 2553 caruerat;

284 2593 383 2668 alter
411 2591 496 2689 jam
531 2589 648 2666 morti
682 2587 846 2682 vicinus,
883 2588 1105 2688 quindecim
1140 2595 1242 2665 totos
1277 2616 1400 2666 annos

284 2721 386 2797 inter
429 2719 646 2795 Haereticos
691 2743 821 2817 agens
864 2717 990 2794 instar
1032 2719 1192 2796 illorum
1236 2720 1399 2798 vixerat.

288 2850 465 2927 Priorem
495 2851 614 2926 Pater
642 2850 895 2926 sacramentis
918 2851 1036 2949 juvit,
1064 2858 1103 2927 ct
1129 2850 1171 2927 in
1202 2853 1402 2929 catholica

285 2983 373 3075 fide,
410 2980 601 3080 quantum
637 2979 776 3079 potuit,
813 2982 1070 3059 confirmavit.
1139 2982 1400 3059 Posteriorcm

287 3111 473 3187 Ecclesiae
502 3109 712 3186 Catholicae
742 3110 963 3205 restituens,
993 3113 1246 3189 sacramentis
1276 3115 1400 3190 omni·-

286 3243 359 3316 bus
387 3242 437 3316 ad
463 3239 560 3316 bene
587 3239 833 3316 moriendum
860 3240 1065 3340 disposuit.

339 3372 453 3461 Quod
479 3374 529 3447 ad
557 3370 776 3447 Catholicos
801 3371 950 3465 attinet,
970 3378 1301 3450 sacramentorum
1328 3375 1400 3450 fre·

287 3500 486 3601 quantotio
512 3508 623 3577 tanta
649 3503 711 3577 hic
738 3509 807 3595 est,
833 3510 877 3578 ut
904 3504 1029 3603 major
1056 3503 1158 3580 inter
1186 3505 1400 3604 Europaeos

288 3659 358 3734 pro
403 3656 564 3707 numero
600 3631 887 3707 Catholicorum
932 3658 1009 3709 non
1044 3634 1106 3710 sit.
1176 3636 1401 3711 Catacheses

288 3788 359 3864 pro
386 3760 612 3837 rudioribus
639 3770 678 3837 et
706 3762 908 3840 Lectiones
934 3763 1187 3840 Cateoheticae
1214 3791 1286 3865 pro
1314 3791 1400 3865 pro·

288 3892 523 3968 vectioribus
549 3889 695 3974 habite
721 3891 887 3990 singulis
914 3891 1150 3987 Dominicis3
1180 3893 1288 3969 festis
1310 3919 1402 3970 vero

288 4021 424 4097 dicbus
459 4019 658 4096 conciones
693 4022 781 4095 raro
822 4022 1108 4119 praetermissae.
1187 4023 1330 4122 AEgros
1365 4028 1405 4098 et
