<?xml version="1.0" encoding="UTF-8"?>
<!DOCTYPE html PUBLIC "-//W3C//DTD XHTML 1.0 Transitional//EN"
    "http://www.w3.org/TR/xhtml1/DTD/xhtml1-transitional.dtd">
<html xmlns="http://www.w3.org/1999/xhtml" xml:lang="en" lang="en">
 <head>
  <title>
</title>
<meta http-equiv="Content-Type" content="text/html;charset=utf-8" />
  <meta name='ocr-system' content='tesseract 3.04.00' />
  <meta name='ocr-capabilities' content='ocr_page ocr_carea ocr_par ocr_line ocrx_word'/>
</head>
<body>
  <div class='ocr_page' id='page_1' title='image "./relatioitineris01dalrgoog_0071.png"; bbox 0 0 3198 5562; ppageno 0'>
   <div class='ocr_carea' id='block_1_1' title="bbox 827 588 875 667">
    <p class='ocr_par' dir='ltr' id='par_1_1' title="bbox 827 588 875 667">
     <span class='ocr_line' id='line_1_1' title="bbox 827 588 875 667; baseline 0.021 -1"><span class='ocrx_word' id='word_1_1' title='bbox 827 588 875 667; x_wconf 82' lang='lat'>37</span> 
     </span>
    </p>
   </div>
   <div class='ocr_carea' id='block_1_2' title="bbox 293 805 1407 1163">
    <p class='ocr_par' dir='ltr' id='par_1_2' title="bbox 293 805 1407 1163">
     <span class='ocr_line' id='line_1_2' title="bbox 293 805 1407 905; baseline -0.003 -25"><span class='ocrx_word' id='word_1_2' title='bbox 293 805 557 904; x_wconf 80' lang='lat' dir='ltr'>Sraqncdcnoes</span> <span class='ocrx_word' id='word_1_3' title='bbox 591 829 686 905; x_wconf 87' lang='lat' dir='ltr'>gens</span> <span class='ocrx_word' id='word_1_4' title='bbox 720 805 834 882; x_wconf 85' lang='lat' dir='ltr'>bellis</span> <span class='ocrx_word' id='word_1_5' title='bbox 873 813 1038 900; x_wconf 84' lang='lat' dir='ltr'>assueta,</span> <span class='ocrx_word' id='word_1_6' title='bbox 1071 805 1171 904; x_wconf 86' lang='lat' dir='ltr'>Regi</span> <span class='ocrx_word' id='word_1_7' title='bbox 1203 806 1407 904; x_wconf 75' lang='lat' dir='ltr'>paocomico</span> 
     </span>
     <span class='ocr_line' id='line_1_3' title="bbox 293 933 1405 1036; baseline -0.003 -27"><span class='ocrx_word' id='word_1_8' title='bbox 293 959 375 1036; x_wconf 87' lang='lat' dir='ltr'>prae</span> <span class='ocrx_word' id='word_1_9' title='bbox 393 934 528 1012; x_wconf 84' lang='lat' dir='ltr'>ceteris</span> <span class='ocrx_word' id='word_1_10' title='bbox 546 933 696 1029; x_wconf 81' lang='lat' dir='ltr'>infesta,</span> <span class='ocrx_word' id='word_1_11' title='bbox 716 935 983 1034; x_wconf 83' lang='lat' dir='ltr'><strong>frequentibus</strong></span> <span class='ocrx_word' id='word_1_12' title='bbox 1001 934 1234 1028; x_wconf 86' lang='lat' dir='ltr'>incursibus,</span> <span class='ocrx_word' id='word_1_13' title='bbox 1250 957 1405 1008; x_wconf 86' lang='lat' dir='ltr'>omnem</span> 
     </span>
     <span class='ocr_line' id='line_1_4' title="bbox 293 1062 1405 1163; baseline -0.002 -25"><span class='ocrx_word' id='word_1_14' title='bbox 293 1062 555 1161; x_wconf 81' lang='lat' dir='ltr'>depopulatur</span> <span class='ocrx_word' id='word_1_15' title='bbox 583 1087 733 1163; x_wconf 89' lang='lat' dir='ltr'>agrum,</span> <span class='ocrx_word' id='word_1_16' title='bbox 765 1070 804 1138; x_wconf 84' lang='lat' dir='ltr'>et</span> <span class='ocrx_word' id='word_1_17' title='bbox 831 1063 989 1156; x_wconf 88' lang='lat' dir='ltr'>incolas,</span> <span class='ocrx_word' id='word_1_18' title='bbox 1022 1067 1073 1140; x_wconf 91' lang='lat' dir='ltr'>ad</span> <span class='ocrx_word' id='word_1_19' title='bbox 1103 1063 1201 1138; x_wconf 87' lang='lat' dir='ltr'>alias</span> <span class='ocrx_word' id='word_1_20' title='bbox 1232 1086 1405 1161; x_wconf 88' lang='lat' dir='ltr'>quaereu-</span> 
     </span>
    </p>
   </div>
   <div class='ocr_carea' id='block_1_3' title="bbox 181 1192 1409 1293">
    <p class='ocr_par' dir='ltr' id='par_1_3' title="bbox 181 1192 1409 1293">
     <span class='ocr_line' id='line_1_5' title="bbox 181 1192 1409 1293; baseline -0.002 -25"><span class='ocrx_word' id='word_1_21' title='bbox 181 1229 185 1234; x_wconf 96' lang='lat'>·</span> <span class='ocrx_word' id='word_1_22' title='bbox 295 1195 364 1268; x_wconf 86' lang='lat' dir='ltr'>das</span> <span class='ocrx_word' id='word_1_23' title='bbox 395 1195 504 1270; x_wconf 85' lang='lat' dir='ltr'>sedes</span> <span class='ocrx_word' id='word_1_24' title='bbox 539 1192 703 1291; x_wconf 91' lang='lat' dir='ltr'>periculi</span> <span class='ocrx_word' id='word_1_25' title='bbox 734 1200 841 1269; x_wconf 86' lang='lat' dir='ltr'>metu</span> <span class='ocrx_word' id='word_1_26' title='bbox 873 1194 1015 1293; x_wconf 81' lang='lat' dir='ltr'><strong>adegit.</strong></span> <span class='ocrx_word' id='word_1_27' title='bbox 1080 1194 1177 1268; x_wconf 89' lang='lat' dir='ltr'>Haec</span> <span class='ocrx_word' id='word_1_28' title='bbox 1208 1197 1409 1267; x_wconf 88' lang='lat' dir='ltr'>causaest</span> 
     </span>
    </p>
   </div>
   <div class='ocr_carea' id='block_1_4' title="bbox 294 1321 1404 1421">
    <p class='ocr_par' dir='ltr' id='par_1_4' title="bbox 294 1321 1404 1421">
     <span class='ocr_line' id='line_1_6' title="bbox 294 1321 1404 1421; baseline -0.002 -25"><span class='ocrx_word' id='word_1_29' title='bbox 294 1346 373 1416; x_wconf 92' lang='lat' dir='ltr'>cur,</span> <span class='ocrx_word' id='word_1_30' title='bbox 401 1324 482 1398; x_wconf 76' lang='lat' dir='ltr'>tam</span> <span class='ocrx_word' id='word_1_31' title='bbox 515 1323 694 1420; x_wconf 79' lang='lat' dir='ltr'>prompte</span> <span class='ocrx_word' id='word_1_32' title='bbox 731 1328 884 1421; x_wconf 87' lang='lat' dir='ltr'>partem</span> <span class='ocrx_word' id='word_1_33' title='bbox 920 1323 1004 1420; x_wconf 81' lang='lat' dir='ltr'>ejus</span> <span class='ocrx_word' id='word_1_34' title='bbox 1032 1321 1143 1421; x_wconf 87' lang='lat' dir='ltr'>regni</span> <span class='ocrx_word' id='word_1_35' title='bbox 1180 1321 1404 1419; x_wconf 87' lang='lat' dir='ltr'>impetravi-</span> 
     </span>
    </p>
   </div>
   <div class='ocr_carea' id='block_1_5' title="bbox 178 1447 1405 1548">
    <p class='ocr_par' dir='ltr' id='par_1_5' title="bbox 178 1447 1405 1548">
     <span class='ocr_line' id='line_1_7' title="bbox 178 1447 1405 1548; baseline -0.004 -23"><span class='ocrx_word' id='word_1_36' title='bbox 178 1509 183 1525; x_wconf 86' lang='lat'><strong><em>.</em></strong></span> <span class='ocrx_word' id='word_1_37' title='bbox 294 1477 393 1526; x_wconf 86' lang='lat' dir='ltr'>mus.</span> <span class='ocrx_word' id='word_1_38' title='bbox 464 1452 546 1526; x_wconf 92' lang='lat' dir='ltr'>Deo</span> <span class='ocrx_word' id='word_1_39' title='bbox 580 1449 685 1525; x_wconf 87' lang='lat' dir='ltr'>viam</span> <span class='ocrx_word' id='word_1_40' title='bbox 723 1449 836 1548; x_wconf 86' lang='lat' dir='ltr'>Legi·</span> <span class='ocrx_word' id='word_1_41' title='bbox 860 1475 941 1525; x_wconf 82' lang='lat' dir='ltr'>suae</span> <span class='ocrx_word' id='word_1_42' title='bbox 978 1458 1017 1525; x_wconf 88' lang='lat' dir='ltr'>et</span> <span class='ocrx_word' id='word_1_43' title='bbox 1053 1447 1213 1525; x_wconf 91' lang='lat' dir='ltr'>Lumiui</span> <span class='ocrx_word' id='word_1_44' title='bbox 1249 1455 1405 1540; x_wconf 81' lang='lat' dir='ltr'>aeterno,</span> 
     </span>
    </p>
   </div>
   <div class='ocr_carea' id='block_1_6' title="bbox 294 1575 1427 3360">
    <p class='ocr_par' dir='ltr' id='par_1_6' title="bbox 294 1575 1427 3360">
     <span class='ocr_line' id='line_1_8' title="bbox 294 1575 1404 1678; baseline -0.004 -23"><span class='ocrx_word' id='word_1_45' title='bbox 294 1580 355 1656; x_wconf 89' lang='lat' dir='ltr'>his</span> <span class='ocrx_word' id='word_1_46' title='bbox 382 1579 642 1674; x_wconf 78' lang='lat' dir='ltr'>adminiculis,</span> <span class='ocrx_word' id='word_1_47' title='bbox 668 1579 877 1678; x_wconf 86' lang='lat' dir='ltr'>aperiente,</span> <span class='ocrx_word' id='word_1_48' title='bbox 903 1579 1077 1678; x_wconf 86' lang='lat' dir='ltr'>migrant</span> <span class='ocrx_word' id='word_1_49' title='bbox 1103 1578 1170 1654; x_wconf 89' lang='lat' dir='ltr'>alii</span> <span class='ocrx_word' id='word_1_50' title='bbox 1197 1584 1312 1678; x_wconf 87' lang='lat' dir='ltr'>atque</span> <span class='ocrx_word' id='word_1_51' title='bbox 1339 1575 1404 1652; x_wconf 91' lang='lat' dir='ltr'>alii</span> 
     </span>
     <span class='ocr_line' id='line_1_9' title="bbox 294 1708 1405 1808; baseline -0.003 -24"><span class='ocrx_word' id='word_1_52' title='bbox 294 1709 477 1808; x_wconf 72' lang='lat' dir='ltr'>quotidie,</span> <span class='ocrx_word' id='word_1_53' title='bbox 505 1708 693 1807; x_wconf 85' lang='lat' dir='ltr'>nobisque</span> <span class='ocrx_word' id='word_1_54' title='bbox 717 1709 947 1808; x_wconf 84' lang='lat' dir='ltr'>relinquunt</span> <span class='ocrx_word' id='word_1_55' title='bbox 974 1712 1119 1802; x_wconf 70' lang='lat' dir='ltr'>domos</span> <span class='ocrx_word' id='word_1_56' title='bbox 1139 1733 1264 1808; x_wconf 87' lang='lat' dir='ltr'>agros,</span> <span class='ocrx_word' id='word_1_57' title='bbox 1288 1733 1405 1782; x_wconf 88' lang='lat' dir='ltr'>nova-</span> 
     </span>
     <span class='ocr_line' id='line_1_10' title="bbox 294 1836 1405 1950; baseline -0.004 -36"><span class='ocrx_word' id='word_1_58' title='bbox 294 1839 359 1950; x_wconf 81' lang='lat' dir='ltr'>lia.</span> <span class='ocrx_word' id='word_1_59' title='bbox 429 1839 478 1913; x_wconf 90' lang='lat' dir='ltr'>Id</span> <span class='ocrx_word' id='word_1_60' title='bbox 520 1840 690 1936; x_wconf 76' lang='lat' dir='ltr'>profecti&gt;</span> <span class='ocrx_word' id='word_1_61' title='bbox 729 1838 917 1915; x_wconf 90' lang='lat' dir='ltr'>miraculo</span> <span class='ocrx_word' id='word_1_62' title='bbox 957 1838 1086 1915; x_wconf 85' lang='lat' dir='ltr'>simile</span> <span class='ocrx_word' id='word_1_63' title='bbox 1116 1845 1193 1933; x_wconf 86' lang='lat' dir='ltr'>est,</span> <span class='ocrx_word' id='word_1_64' title='bbox 1229 1836 1405 1912; x_wconf 84' lang='lat' dir='ltr'>homines</span> 
     </span>
     <span class='ocr_line' id='line_1_11' title="bbox 294 1967 1405 2066; baseline -0.005 -22"><span class='ocrx_word' id='word_1_65' title='bbox 294 1969 491 2057; x_wconf 85' lang='lat' dir='ltr'>barbarus,</span> <span class='ocrx_word' id='word_1_66' title='bbox 519 1967 653 2066; x_wconf 84' lang='lat' dir='ltr'>paucis</span> <span class='ocrx_word' id='word_1_67' title='bbox 684 1970 773 2043; x_wconf 78' lang='lat' dir='ltr'>ante</span> <span class='ocrx_word' id='word_1_68' title='bbox 801 1969 948 2063; x_wconf 79' lang='lat' dir='ltr'>diebrm,</span> <span class='ocrx_word' id='word_1_69' title='bbox 976 1968 1017 2043; x_wconf 88' lang='lat' dir='ltr'>in</span> <span class='ocrx_word' id='word_1_70' title='bbox 1045 1967 1164 2044; x_wconf 88' lang='lat' dir='ltr'>armis</span> <span class='ocrx_word' id='word_1_71' title='bbox 1197 1967 1405 2042; x_wconf 78' lang='lat' dir='ltr'>adversum</span> 
     </span>
     <span class='ocr_line' id='line_1_12' title="bbox 295 2096 1405 2196; baseline -0.003 -24"><span class='ocrx_word' id='word_1_72' title='bbox 295 2123 364 2173; x_wconf 85' lang='lat' dir='ltr'>nos</span> <span class='ocrx_word' id='word_1_73' title='bbox 409 2104 565 2196; x_wconf 83' lang='lat' dir='ltr'>paratos</span> <span class='ocrx_word' id='word_1_74' title='bbox 608 2098 688 2172; x_wconf 77' lang='lat' dir='ltr'>tam</span> <span class='ocrx_word' id='word_1_75' title='bbox 736 2097 847 2172; x_wconf 74' lang='lat' dir='ltr'>facile</span> <span class='ocrx_word' id='word_1_76' title='bbox 891 2123 932 2172; x_wconf 87' lang='lat' dir='ltr'>sc</span> <span class='ocrx_word' id='word_1_77' title='bbox 979 2096 1091 2172; x_wconf 87' lang='lat' dir='ltr'>nobis</span> <span class='ocrx_word' id='word_1_78' title='bbox 1135 2097 1244 2172; x_wconf 86' lang='lat' dir='ltr'>velut</span> <span class='ocrx_word' id='word_1_79' title='bbox 1286 2120 1405 2194; x_wconf 86' lang='lat' dir='ltr'>agnos</span> 
     </span>
     <span class='ocr_line' id='line_1_13' title="bbox 295 2229 1405 2330; baseline -0.005 -24"><span class='ocrx_word' id='word_1_80' title='bbox 295 2229 531 2330; x_wconf 80' lang='lat' dir='ltr'>permittere,</span> <span class='ocrx_word' id='word_1_81' title='bbox 568 2229 679 2304; x_wconf 88' lang='lat' dir='ltr'>nobis</span> <span class='ocrx_word' id='word_1_82' title='bbox 723 2255 775 2324; x_wconf 85' lang='lat' dir='ltr'>se,</span> <span class='ocrx_word' id='word_1_83' title='bbox 815 2256 963 2328; x_wconf 88' lang='lat' dir='ltr'>suaque</span> <span class='ocrx_word' id='word_1_84' title='bbox 1006 2233 1170 2306; x_wconf 87' lang='lat' dir='ltr'>tradere.</span> <span class='ocrx_word' id='word_1_85' title='bbox 1249 2229 1405 2327; x_wconf 80' lang='lat' dir='ltr'>Digitus</span> 
     </span>
     <span class='ocr_line' id='line_1_14' title="bbox 297 2359 1406 2459; baseline -0.004 -23"><span class='ocrx_word' id='word_1_86' title='bbox 297 2359 368 2438; x_wconf 91' lang='lat' dir='ltr'>Dci</span> <span class='ocrx_word' id='word_1_87' title='bbox 402 2366 461 2435; x_wconf 84' lang='lat' dir='ltr'>est</span> <span class='ocrx_word' id='word_1_88' title='bbox 494 2360 578 2451; x_wconf 82' lang='lat' dir='ltr'>hlc;</span> <span class='ocrx_word' id='word_1_89' title='bbox 614 2366 652 2434; x_wconf 90' lang='lat' dir='ltr'>et</span> <span class='ocrx_word' id='word_1_90' title='bbox 683 2385 870 2458; x_wconf 87' lang='lat' dir='ltr'>magnum</span> <span class='ocrx_word' id='word_1_91' title='bbox 906 2359 1063 2459; x_wconf 82' lang='lat' dir='ltr'>aliquod</span> <span class='ocrx_word' id='word_1_92' title='bbox 1099 2360 1406 2436; x_wconf 88' lang='lat' dir='ltr'>emolumentum</span> 
     </span>
     <span class='ocr_line' id='line_1_15' title="bbox 294 2486 1427 2565; baseline -0.006 0"><span class='ocrx_word' id='word_1_93' title='bbox 294 2489 385 2565; x_wconf 89' lang='lat' dir='ltr'>huic</span> <span class='ocrx_word' id='word_1_94' title='bbox 433 2486 593 2563; x_wconf 89' lang='lat' dir='ltr'>Nationi</span> <span class='ocrx_word' id='word_1_95' title='bbox 629 2486 840 2562; x_wconf 87' lang='lat' dir='ltr'>meditatur</span> <span class='ocrx_word' id='word_1_96' title='bbox 892 2489 1009 2564; x_wconf 78' lang='lat' dir='ltr'>Deua.</span> <span class='ocrx_word' id='word_1_97' title='bbox 1088 2487 1228 2563; x_wconf 81' lang='lat' dir='ltr'>Paucis</span> <span class='ocrx_word' id='word_1_98' title='bbox 1275 2493 1427 2561; x_wconf 88' lang='lat' dir='ltr'>tamen·</span> 
     </span>
     <span class='ocr_line' id='line_1_16' title="bbox 295 2614 1405 2719; baseline -0.005 -26"><span class='ocrx_word' id='word_1_99' title='bbox 295 2619 530 2719; x_wconf 85' lang='lat' dir='ltr'>quibusdam</span> <span class='ocrx_word' id='word_1_100' title='bbox 556 2615 798 2714; x_wconf 83' lang='lat' dir='ltr'>permittitur</span> <span class='ocrx_word' id='word_1_101' title='bbox 823 2641 894 2691; x_wconf 84' lang='lat' dir='ltr'>sua</span> <span class='ocrx_word' id='word_1_102' title='bbox 922 2616 1025 2692; x_wconf 86' lang='lat' dir='ltr'>inter</span> <span class='ocrx_word' id='word_1_103' title='bbox 1052 2642 1121 2692; x_wconf 87' lang='lat' dir='ltr'>nos</span> <span class='ocrx_word' id='word_1_104' title='bbox 1148 2614 1339 2691; x_wconf 85' lang='lat' dir='ltr'>habitatio</span> <span class='ocrx_word' id='word_1_105' title='bbox 1364 2615 1405 2689; x_wconf 88' lang='lat' dir='ltr'>iu</span> 
     </span>
     <span class='ocr_line' id='line_1_17' title="bbox 295 2746 1403 2846; baseline -0.003 -21"><span class='ocrx_word' id='word_1_106' title='bbox 295 2774 442 2825; x_wconf 89' lang='lat' dir='ltr'>annum</span> <span class='ocrx_word' id='word_1_107' title='bbox 471 2746 705 2846; x_wconf 84' lang='lat' dir='ltr'>proximum.</span> <span class='ocrx_word' id='word_1_108' title='bbox 768 2749 867 2822; x_wconf 79' lang='lat' dir='ltr'>Tiuu</span> <span class='ocrx_word' id='word_1_109' title='bbox 897 2751 989 2824; x_wconf 78' lang='lat' dir='ltr'>verd</span> <span class='ocrx_word' id='word_1_110' title='bbox 1020 2749 1119 2826; x_wconf 93' lang='lat' dir='ltr'>liber</span> <span class='ocrx_word' id='word_1_111' title='bbox 1148 2749 1258 2825; x_wconf 87' lang='lat' dir='ltr'>nobis</span> <span class='ocrx_word' id='word_1_112' title='bbox 1289 2748 1403 2824; x_wconf 90' lang='lat' dir='ltr'>relin-</span> 
     </span>
     <span class='ocr_line' id='line_1_18' title="bbox 295 2853 1339 2978; baseline -0.011 -23"><span class='ocrx_word' id='word_1_113' title='bbox 295 2880 472 2978; x_wconf 88' lang='lat' dir='ltr'>quendus</span> <span class='ocrx_word' id='word_1_114' title='bbox 501 2885 560 2952; x_wconf 85' lang='lat' dir='ltr'>est</span> <span class='ocrx_word' id='word_1_115' title='bbox 587 2903 689 2976; x_wconf 85' lang='lat' dir='ltr'>ager.</span> <span class='ocrx_word' id='word_1_116' title='bbox 1336 2853 1339 2860; x_wconf 40' lang='lat'><strong>¹</strong></span> 
     </span>
     <span class='ocr_line' id='line_1_19' title="bbox 346 3007 1406 3106; baseline -0.002 -24"><span class='ocrx_word' id='word_1_117' title='bbox 346 3007 547 3106; x_wconf 73' lang='lat' dir='ltr'>Indigenas</span> <span class='ocrx_word' id='word_1_118' title='bbox 573 3008 722 3082; x_wconf 77' lang='lat' dir='ltr'>statura</span> <span class='ocrx_word' id='word_1_119' title='bbox 748 3015 840 3083; x_wconf 89' lang='lat' dir='ltr'>sunt</span> <span class='ocrx_word' id='word_1_120' title='bbox 868 3010 1028 3106; x_wconf 71' lang='lat' dir='ltr'>procera</span> <span class='ocrx_word' id='word_1_121' title='bbox 1053 3016 1092 3084; x_wconf 86' lang='lat' dir='ltr'>et</span> <span class='ocrx_word' id='word_1_122' title='bbox 1118 3009 1290 3100; x_wconf 89' lang='lat' dir='ltr'>decenti;</span> <span class='ocrx_word' id='word_1_123' title='bbox 1320 3013 1406 3082; x_wconf 88' lang='lat' dir='ltr'>cute</span> 
     </span>
     <span class='ocr_line' id='line_1_20' title="bbox 295 3137 1404 3236; baseline -0.002 -24"><span class='ocrx_word' id='word_1_124' title='bbox 295 3140 318 3212; x_wconf 81' lang='lat' dir='ltr'>d</span> <span class='ocrx_word' id='word_1_125' title='bbox 346 3139 496 3230; x_wconf 81' lang='lat' dir='ltr'>natura,</span> <span class='ocrx_word' id='word_1_126' title='bbox 516 3137 706 3227; x_wconf 71' lang='lat' dir='ltr'>subfusca,</span> <span class='ocrx_word' id='word_1_127' title='bbox 727 3161 843 3236; x_wconf 91' lang='lat' dir='ltr'>quam</span> <span class='ocrx_word' id='word_1_128' title='bbox 869 3137 994 3213; x_wconf 86' lang='lat' dir='ltr'>colore</span> <span class='ocrx_word' id='word_1_129' title='bbox 1018 3139 1250 3236; x_wconf 88' lang='lat' dir='ltr'>plerumque</span> <span class='ocrx_word' id='word_1_130' title='bbox 1273 3137 1404 3228; x_wconf 84' lang='lat' dir='ltr'>rubea,</span> 
     </span>
     <span class='ocr_line' id='line_1_21' title="bbox 296 3264 1403 3360; baseline -0.001 -21"><span class='ocrx_word' id='word_1_131' title='bbox 296 3266 417 3340; x_wconf 85' lang='lat' dir='ltr'>mixto</span> <span class='ocrx_word' id='word_1_132' title='bbox 451 3266 545 3358; x_wconf 85' lang='lat' dir='ltr'>olen,</span> <span class='ocrx_word' id='word_1_133' title='bbox 582 3264 805 3358; x_wconf 71' lang='lat' dir='ltr'>inficientes</span> <span class='ocrx_word' id='word_1_134' title='bbox 839 3272 883 3341; x_wconf 90' lang='lat' dir='ltr'>ut</span> <span class='ocrx_word' id='word_1_135' title='bbox 919 3267 1058 3344; x_wconf 89' lang='lat' dir='ltr'>culices</span> <span class='ocrx_word' id='word_1_136' title='bbox 1094 3273 1262 3360; x_wconf 86' lang='lat' dir='ltr'>arceant,</span> <span class='ocrx_word' id='word_1_137' title='bbox 1298 3265 1403 3341; x_wconf 86' lang='lat' dir='ltr'>tetri·</span> 
     </span>
    </p>
   </div>
   <div class='ocr_carea' id='block_1_7' title="bbox 296 3392 1521 3493">
    <p class='ocr_par' dir='ltr' id='par_1_7' title="bbox 296 3392 1521 3493">
     <span class='ocr_line' id='line_1_22' title="bbox 296 3392 1521 3493; baseline -0.003 -25"><span class='ocrx_word' id='word_1_138' title='bbox 296 3418 402 3468; x_wconf 86' lang='lat' dir='ltr'>orem</span> <span class='ocrx_word' id='word_1_139' title='bbox 431 3394 612 3485; x_wconf 86' lang='lat' dir='ltr'>reddunt,</span> <span class='ocrx_word' id='word_1_140' title='bbox 640 3393 840 3466; x_wconf 85' lang='lat' dir='ltr'>commodo</span> <span class='ocrx_word' id='word_1_141' title='bbox 867 3418 937 3468; x_wconf 89' lang='lat' dir='ltr'>suo</span> <span class='ocrx_word' id='word_1_142' title='bbox 968 3394 1094 3493; x_wconf 89' lang='lat' dir='ltr'>magis</span> <span class='ocrx_word' id='word_1_143' title='bbox 1120 3393 1261 3472; x_wconf 85' lang='lat' dir='ltr'>intenti</span> <span class='ocrx_word' id='word_1_144' title='bbox 1288 3416 1405 3492; x_wconf 89' lang='lat' dir='ltr'>quam</span> <span class='ocrx_word' id='word_1_145' title='bbox 1518 3392 1521 3399; x_wconf 81' lang='grc'><strong>’</strong></span> 
     </span>
    </p>
   </div>
   <div class='ocr_carea' id='block_1_8' title="bbox 294 3520 1405 4015">
    <p class='ocr_par' dir='ltr' id='par_1_8' title="bbox 294 3520 1405 4015">
     <span class='ocr_line' id='line_1_23' title="bbox 296 3520 1405 3620; baseline -0.004 -22"><span class='ocrx_word' id='word_1_146' title='bbox 296 3520 435 3598; x_wconf 90' lang='lat' dir='ltr'>decori.</span> <span class='ocrx_word' id='word_1_147' title='bbox 497 3520 665 3596; x_wconf 84' lang='lat' dir='ltr'>Vultum</span> <span class='ocrx_word' id='word_1_148' title='bbox 696 3520 783 3594; x_wconf 89' lang='lat' dir='ltr'>aliis</span> <span class='ocrx_word' id='word_1_149' title='bbox 812 3521 930 3598; x_wconf 86' lang='lat' dir='ltr'>etiam</span> <span class='ocrx_word' id='word_1_150' title='bbox 961 3523 1153 3601; x_wconf 89' lang='lat' dir='ltr'>coloribus</span> <span class='ocrx_word' id='word_1_151' title='bbox 1183 3526 1405 3620; x_wconf 87' lang='lat' dir='ltr'>deturpant,</span> 
     </span>
     <span class='ocr_line' id='line_1_24' title="bbox 295 3649 1404 3746; baseline -0.004 -18"><span class='ocrx_word' id='word_1_152' title='bbox 295 3656 318 3728; x_wconf 76' lang='lat' dir='ltr'>a</span> <span class='ocrx_word' id='word_1_153' title='bbox 349 3676 442 3726; x_wconf 86' lang='lat' dir='ltr'>uaso</span> <span class='ocrx_word' id='word_1_154' title='bbox 477 3650 644 3743; x_wconf 79' lang='lat' dir='ltr'>sursum,</span> <span class='ocrx_word' id='word_1_155' title='bbox 677 3649 843 3744; x_wconf 87' lang='lat' dir='ltr'>caerulei,</span> <span class='ocrx_word' id='word_1_156' title='bbox 877 3655 1058 3728; x_wconf 80' lang='lat' dir='ltr'>deorsum</span> <span class='ocrx_word' id='word_1_157' title='bbox 1094 3653 1314 3746; x_wconf 88' lang='lat' dir='ltr'>rubicundi,</span> <span class='ocrx_word' id='word_1_158' title='bbox 1343 3651 1404 3727; x_wconf 89' lang='lat' dir='ltr'>vel</span> 
     </span>
     <span class='ocr_line' id='line_1_25' title="bbox 295 3778 1405 3880; baseline -0.005 -21"><span class='ocrx_word' id='word_1_159' title='bbox 295 3808 315 3859; x_wconf 88' lang='lat' dir='ltr'>e</span> <span class='ocrx_word' id='word_1_160' title='bbox 367 3782 511 3873; x_wconf 77' lang='lat' dir='ltr'>contra,</span> <span class='ocrx_word' id='word_1_161' title='bbox 557 3778 687 3872; x_wconf 81' lang='lat' dir='ltr'>variis,</span> <span class='ocrx_word' id='word_1_162' title='bbox 733 3786 772 3855; x_wconf 89' lang='lat' dir='ltr'>et</span> <span class='ocrx_word' id='word_1_163' title='bbox 825 3805 917 3856; x_wconf 80' lang='lat' dir='ltr'>sane</span> <span class='ocrx_word' id='word_1_164' title='bbox 969 3783 1094 3878; x_wconf 77' lang='lat' dir='ltr'>suedia,</span> <span class='ocrx_word' id='word_1_165' title='bbox 1151 3783 1405 3880; x_wconf 84' lang='lat' dir='ltr'>terrificisque</span> 
     </span>
     <span class='ocr_line' id='line_1_26' title="bbox 294 3910 1403 4015; baseline 0 -26"><span class='ocrx_word' id='word_1_166' title='bbox 294 3915 431 3994; x_wconf 83' lang='lat' dir='ltr'>modis,</span> <span class='ocrx_word' id='word_1_167' title='bbox 509 3914 561 3991; x_wconf 79' lang='lat' dir='ltr'>Fa</span> <span class='ocrx_word' id='word_1_168' title='bbox 597 3910 782 4015; x_wconf 86' lang='lat' dir='ltr'>quoniam</span> <span class='ocrx_word' id='word_1_169' title='bbox 820 3913 953 4010; x_wconf 82' lang='lat' dir='ltr'>barba,</span> <span class='ocrx_word' id='word_1_170' title='bbox 989 3917 1030 3992; x_wconf 90' lang='lat' dir='ltr'>in</span> <span class='ocrx_word' id='word_1_171' title='bbox 1067 3917 1248 3994; x_wconf 87' lang='lat' dir='ltr'>ultimam</span> <span class='ocrx_word' id='word_1_172' title='bbox 1283 3916 1403 4014; x_wconf 75' lang='lat' dir='ltr'>prope</span> 
     </span>
    </p>
   </div>
   <div class='ocr_carea' id='block_1_9' title="bbox 0 0 1608 5562">
    <p class='ocr_par' dir='ltr' id='par_1_9' title="bbox 0 0 1608 5562">
     <span class='ocr_line' id='line_1_27' title="bbox 0 0 1608 5562; baseline 0 0"><span class='ocrx_word' id='word_1_173' title='bbox 0 0 1608 5562; x_wconf 95' lang='lat' dir='ltr'> </span> 
     </span>
    </p>
   </div>
  </div>
 </body>
</html>
