3200 5530
844 611 894 684 29

362 825 435 900 Die
462 824 641 925 proximo
666 824 913 902 illucescente
938 824 1104 901 alteram
1130 825 1342 901 Oarai‘bum
1368 824 1425 898 in·

310 953 486 1028 sularum
535 951 749 1051 attigimus,
794 979 912 1052 quam
956 978 1184 1052 asperorum
1231 952 1425 1029 montium

310 1081 538 1176 similitudo,
561 1081 787 1182 Hispaniae,
813 1083 1059 1182 Gaudalupae
1084 1082 1175 1159 fecit
1199 1106 1423 1181 cognomen,

310 1220 455 1313 estque,
492 1211 550 1288 uti
591 1213 753 1306 confide,
789 1214 863 1289 sub
897 1214 1022 1289 tutele
1056 1213 1231 1311 ejusdem
1273 1213 1313 1287 S.
1344 1212 1425 1287 ΒΜ·

310 1341 487 1440 Virginis
532 1340 849 1418 Matris-Inde
893 1342 1181 1417 Monserratem
1225 1338 1424 1415 tenuimus

309 1469 411 1545 circui
444 1468 649 1545 meridiem
683 1469 761 1563 ubi,
795 1493 842 1544 ex
871 1469 1001 1545 lembo
1037 1467 1199 1561 Gallico,
1230 1467 1422 1544 intellexi·

310 1623 409 1693 mus,
446 1599 620 1675 nondirm
656 1623 726 1674 nos
761 1599 810 1674 ab
849 1598 1120 1697 Hispanorum
1155 1597 1278 1673 classe
1318 1603 1422 1672 tutos

309 1751 403 1802 esse.
458 1727 591 1802 Habet
616 1727 862 1804 Monserrate
889 1727 1036 1803 incolas
1066 1727 1264 1802 Hibernos
1287 1726 1422 1825 pulsos

308 1857 357 1931 ab
376 1855 503 1955 anglis
516 1854 709 1954 Virginios
727 1858 775 1932 ob
793 1856 884 1932 fidei
902 1855 1112 1932 Catholicae
1129 1853 1419 1953 professionem.

308 1984 409 2059 Tum
436 1987 486 2060 ad
512 1984 705 2060 Maevium
728 1986 926 2086 pestilenti
954 2011 1042 2062 aere
1060 1992 1099 2061 et
1125 1983 1298 2059 febribus
1323 1981 1419 2057 infa-

307 2113 539 2188 men-Uno
558 2113 620 2190 die
639 2130 850 2215 assumpto,
870 2115 1137 2192 valefecimus
1156 2116 1206 2190 ad
1224 2112 1271 2188 Sl
1290 2111 1418 2189 Ohris·

306 2243 472 2341 lophem,
492 2243 559 2318 ubi
578 2247 709 2320 decem
725 2245 807 2321 dies
825 2244 1090 2339 substetimus‚
1110 2246 1133 2320 at
1150 2244 1419 2319 Gubernatore

307 2372 449 2472 cinglo,
486 2381 525 2449 et
568 2373 800 2472 Gapataneis
844 2376 1007 2468 duobua,
1044 2372 1253 2449 Catholicis
1298 2370 1420 2446 amice

305 2500 485 2595 iuvitati3
529 2527 592 2578 me
622 2502 663 2577 in
703 2503 842 2601 primis
873 2503 1040 2603 benigne
1071 2503 1219 2601 aceepit
1249 2499 1419 2576 Coloniae

306 2629 469 2705 Gallicae
500 2629 540 2704 in
570 2632 706 2706 eedem
734 2631 864 2708 insula
892 2633 1143 2733 Praepositus.

356 2759 606 2859 Quaecunque
632 2763 738 2860 apud
767 2763 991 2839 Barbadoes
1016 2788 1107 2838 rara
1134 2761 1327 2854 visuntur,
1356 2761 1418 2834 hic

305 2886 422 2962 ctiam
453 2887 592 2986 reperi,
621 2895 660 2963 et
690 2893 879 2987 praeterea
907 2916 984 2967 non
1015 2891 1153 2990 procul
1185 2891 1208 2964 al
1238 2887 1418 2963 Praefecti

305 3018 395 3093 sede
438 3017 604 3094 Mentem
647 3019 898 3119 Sulptcrcum.
950 3023 1023 3122 „Ec
1064 3023 1169 3122 quod
1211 3017 1417 3095 admireris

305 3147 441 3246 magia,
463 3149 639 3224 Plautum
663 3149 844 3249 Virpicem
870 3151 924 3226 sic
946 3152 1101 3245 dietam,
1121 3152 1225 3251 quod
1254 3147 1417 3222 minimo

304 3276 417 3377 digiti
452 3285 642 3372 contactu,
677 3279 879 3355 confestim
916 3288 1113 3357 marescat
1143 3287 1182 3355 et
1215 3275 1415 3353 concidat:

304 3410 526 3506 quanquam
547 3409 638 3483 datia
664 3411 784 3502 morai,
803 3411 1041 3488 reviviscens
1058 3411 1200 3487 iterdm
1224 3412 1415 3505 assurgat.

306 3537 461 3613 Placuit
488 3537 586 3612 mihi
616 3537 656 3612 in
686 3539 825 3637 primis
857 3543 1017 3618 Locusta
1047 3543 1165 3633 orbor,
1185 3563 1303 3637 quam
1335 3560 1416 3612 sus·

303 3667 405 3766 picio
437 3675 496 3744 est
525 3668 739 3767 praebuisse
767 3670 915 3747 victum
946 3673 998 3748 8¹⁰
1027 3670 1171 3748 Joanni
1201 3665 1418 3766 Baptistaa3
