3200 5530
826 545 875 618 15

294 759 436 853 mebat,
464 784 580 858 quem
605 765 707 836 tetra
737 784 813 834 nox
838 757 1106 858 frequentibus
1132 759 1227 834 foeta
1250 756 1405 833 terrori·

295 890 369 964 bus
396 891 573 990 augebat.
625 890 878 966 illucescente
901 889 974 984 die,
994 891 1083 965 ciam
1101 889 1264 964 africum
1290 888 1405 963 habe·

296 1043 428 1094 remus
446 1018 696 1113 contrarium,
715 1019 808 1118 quia
830 1024 961 1095 tamen
986 1018 1209 1117 languidior
1226 1024 1320 1112 erat,
1339 1040 1408 1115 per

293 1147 439 1222 multas
457 1148 639 1246 ambages
665 1147 769 1223 lente
795 1147 1117 1246 provehebamur.
1166 1147 1229 1221 Ita
1253 1145 1406 1238 Martis,

295 1276 484 1353 Mercurii
510 1284 549 1352 ιι
576 1276 687 1352 Jovis
715 1277 797 1352 dies
824 1276 1067 1351 variantibus
1100 1276 1237 1369 ventis,
1266 1275 1406 1372 exiguo

294 1408 469 1506 profectu
503 1407 643 1482 abiere.
722 1407 796 1481 Die
830 1406 1006 1500 Veneris,
1042 1405 1241 1480 obtinente
1284 1405 1406 1478 Euro·

295 1537 334 1612 N
336 1543 409 1632 oto,
442 1543 481 1612 et
513 1536 684 1635 glaucas*
707 1541 865 1633 cogente
901 1536 1023 1610 nubes
1058 1541 1175 1610 vento
1210 1533 1405 1632 gravidae,

293 1672 427 1741 tantus
445 1665 546 1742 circa
564 1689 767 1762 vesperam
786 1689 826 1738 se
843 1664 957 1739 turbo
976 1663 1124 1757 effudit,
1140 1669 1184 1738 ut
1200 1661 1407 1738 momentis

295 1792 472 1892 singulis,
500 1792 727 1868 involvendi
757 1791 940 1867 fluctibus
967 1792 1202 1867 videremur.
1272 1791 1413 1888 Neque

294 1921 451 1998 mitiora
478 1921 731 2021 promittebat
758 1921 827 1996 lux
857 1921 1065 2019 insequens
1095 1921 1267 1996 Andreae
1298 1944 1406 2018 apos·

293 2053 373 2128 tolo
391 2077 501 2128 sacra
518 2051 663 2146 Nubes,
678 2051 890 2127 terrificum
908 2051 949 2125 in
968 2076 1117 2126 morem
1135 2056 1406 2141 excrescentes,

295 2180 435 2258 terrori
452 2186 564 2257 erant
586 2181 646 2256 int
649 2187 741 2257 uent
725 2180 916 2256 tibust
848 2187 916 2255 ant
918 2182 1057 2279 equam
1076 2181 1338 2256 discinderent
1322 2187 1406 2255 t:ur

295 2307 582 2408 etopinionem
609 2308 802 2384 faciebant
785 2307 1017 2409 t·p10diisse
1035 2311 1244 2386 adversum
1272 2334 1341 2384 nos
1368 2309 1408 2383 in

297 2438 430 2535 aciem,
461 2464 595 2515 omnes
626 2437 740 2538 spirit
744 2464 787 2514 us
821 2445 1031 2537 tempestat
1033 2466 1100 2515 um
1130 2439 1410 2531 maleficas,et

295 2568 419 2644 malos
449 2569 582 2668 genios
610 2592 743 2643 omnes
772 2567 1045 2666 Marylandiae.
1111 2568 1307 2643 Inclinato
1267 2567 1408 2660 tdie,

297 2697 399 2773 vidit
438 2698 670 2774 Navarobus
706 2698 850 2773 Piscem
878 2699 963 2773 solis
992 2698 1122 2773 cursui
1153 2699 1271 2774 solari
1302 2697 1408 2773 obni-

296 2833 382 2902 tent
383 2819 467 2902 emi
511 2830 614 2926 quod
656 2825 879 2903 horridaet
864 2833 1055 2926 tempesta
1057 2827 1107 2904 tis
1150 2829 1409 2904 certissimum

303 2957 391 3056 (est)
422 2955 630 3032 indicium:
660 2981 784 3055 neque
809 2957 905 3031 fides
928 2957 1054 3032 abfuit
1038 2958 1255 3057 taugurio
1308 2959 1411 3033 Nam

298 3085 400 3162 cirea
437 3086 638 3162 Decimam
677 3093 907 3161 nocturnam
942 3111 1042 3162 caeca
1077 3089 1280 3163 nubesat
1243 3095 1411 3163 atrocem

299 3215 451 3313 depluit
436 3216 658 3292 timbrem
712 3215 886 3308 Hunc‚t
887 3216 950 3290 dm
977 3214 1161 3291 immanis
1186 3219 1302 3292 turbo
1329 3241 1410 3290 sus-

299 3342 456 3442 cepit,u
460 3349 654 3420 tnecesse
680 3342 798 3418 fuerit
782 3349 946 3442 ttquan
947 3343 1052 3420 ociirs
1071 3347 1121 3420 ad
1147 3346 1236 3420 vela
1262 3351 1351 3420 cont
1353 3369 1411 3418 ra·

250 3481 256 3492 “
300 3472 430 3547 henda
473 3497 691 3548 accurrere:
743 3496 867 3569 neque
909 3470 950 3546 id
993 3473 1077 3547 fieri
1111 3475 1193 3548 tam
1236 3472 1413 3572 expedite

300 3600 439 3702 potuit,
459 3602 576 3699 quam
603 3599 783 3692 acatium,
811 3625 930 3674 seu
905 3599 1038 3674 velum
1064 3603 1202 3699 majuS‚
1231 3625 1351 3699 quos
1333 3601 1414 3675 solo

302 3729 596 3830 navigabamus,
624 3728 798 3860 medium
835 3729 858 3804 ι
892 3753 1044 3803 summo
1080 3731 1260 3806 deorsum
1295 3731 1413 3805 finde·
