3198 5562
838 625 887 698 41

304 837 416 914 aiunt
441 839 623 933 breviter,
643 847 711 915 aut-
729 847 889 939 negant;
916 847 955 915 et
980 841 1171 940 propositi
1197 847 1291 918 sunt
1315 849 1420 918 tena-

302 968 459 1044 cissimi.
493 969 550 1044 Hi
568 970 750 1067 profecto,
768 969 802 1044 si
820 970 941 1045 semel
959 972 1166 1069 praeceptis
1184 971 1419 1048 Christianis

303 1094 551 1172 imbuantur:
578 1096 792 1195 etquidem
810 1097 910 1172 nihil
929 1099 1082 1176 obstare
1099 1099 1257 1176 videtur
1274 1107 1419 1199 praetor

303 1227 449 1326 linguae
479 1227 541 1302 his
575 1226 799 1326 regionibus
837 1226 990 1303 usitatae
1025 1229 1229 1322 deiectum,
1256 1228 1418 1304 virtutis

303 1355 636 1454 humanitatisque
670 1355 836 1431 cultores
871 1355 1017 1454 egregii
1054 1358 1231 1432 evadent.
1310 1356 1418 1432 Miro

303 1490 485 1561 tenentur
513 1483 703 1562 desiderio
734 1484 861 1560 civilis
892 1484 1195 1560 conversationis
1227 1485 1416 1583 Europae·

303 1638 492 1713 orumque
510 1615 841 1690 indumentorum.
882 1615 1049 1714 Jamque
1066 1614 1220 1714 pridem
1240 1617 1417 1690 vestibus

302 1743 467 1819 fuissent
488 1743 560 1837 usi,
580 1741 621 1817 ni
642 1743 808 1818 avaritia
831 1750 1092 1819 mercatorum
1116 1742 1330 1819 obstitisset
1348 1744 1418 1842 qui

301 1897 451 1972 pannos
487 1871 563 1946 nisi
593 1879 741 1948 castore
776 1897 853 1947 nou
889 1879 1142 1948 commutant.
1212 1873 1415 1948 Castorem

300 2005 393 2080 verb
435 2002 703 2102 unusquisque
741 2003 877 2078 venari
921 2028 998 2078 non
1041 2009 1180 2101 potest.
1225 2003 1327 2078 absit
1370 2011 1416 2079 ut

301 2134 442 2208 horum
469 2131 676 2208 avaritiam
703 2131 918 2208 imitemur!

350 2260 556 2339 Idiomatis
573 2259 765 2360 ignoratio
783 2260 876 2336 facit
901 2267 956 2354 ut,
975 2261 1071 2360 quid
1096 2262 1212 2360 porro
1230 2264 1278 2337 de
1305 2262 1410 2338 Reli·

299 2388 413 2488 gione
447 2387 627 2481 sentiant,
668 2388 843 2462 nondum
886 2394 1045 2463 constet.
1124 2387 1410 2486 Interpretibus

300 2517 613 2595 Protestantibus
639 2515 770 2591 minus
796 2516 969 2592 fidimus:
997 2518 1080 2592 haee
1102 2517 1261 2614 (solum)
1287 2542 1411 2616 pauca

298 2649 443 2748 raptim
470 2648 689 2725 didicimus.
743 2646 879 2723 Unum
907 2647 1035 2722 Deum
1062 2646 1156 2722 Oaeli
1183 2653 1409 2745 agnoscunt,

299 2805 415 2878 quem
443 2779 571 2855 Deum
590 2786 767 2855 nostrum
785 2784 946 2869 vocant3
975 2777 1129 2852 nullum
1156 2783 1287 2853 tamen
1306 2783 1409 2852 exte·

298 2931 387 2982 rum
418 2907 604 2982 honorem
635 2907 694 2982 illi
726 2907 921 2982 exhibent.
991 2905 1108 2981 Omni
1137 2909 1230 2981 verb
1260 2906 1409 2982 ratione

298 3037 453 3136 placare
471 3044 660 3113 conantur
677 3036 967 3136 phantasticum
986 3037 1194 3134 quemdam
1213 3035 1408 3134 spiritum,

299 3189 414 3263 quem
436 3167 549 3242 Ootro
566 3164 781 3259 nominant,
800 3171 845 3240 ut
865 3189 914 3239 ne
932 3168 1082 3254 noceat3
1110 3165 1353 3239 frumentum
1372 3172 1409 3240 et

298 3292 442 3392 ignem,
470 3301 514 3369 ut
539 3294 666 3388 audio,
694 3294 837 3387 colunt,
866 3300 910 3369 ut
941 3293 1042 3368 Deos
1072 3292 1244 3368 humano
1274 3293 1407 3393 generi

298 3421 397 3497 mire
421 3423 622 3500 beneficos.
675 3423 790 3498 Hono
807 3421 1058 3498 cerimoniam
1085 3421 1284 3519 quideme
1311 3423 1350 3497 N
1352 3448 1408 3499 os·

298 3551 370 3627 tris
388 3550 428 3625 in
456 3553 601 3651 templo
628 3553 859 3629 Baroburem
877 3551 1022 3626 vidisse
1042 3575 1083 3625 se
1110 3557 1282 3626 narrant.
1336 3551 1408 3626 Die
