<?xml version="1.0" encoding="UTF-8"?>
<!DOCTYPE html PUBLIC "-//W3C//DTD XHTML 1.0 Transitional//EN"
    "http://www.w3.org/TR/xhtml1/DTD/xhtml1-transitional.dtd">
<html xmlns="http://www.w3.org/1999/xhtml" xml:lang="en" lang="en">
 <head>
  <title>
</title>
<meta http-equiv="Content-Type" content="text/html;charset=utf-8" />
  <meta name='ocr-system' content='tesseract 3.04.00' />
  <meta name='ocr-capabilities' content='ocr_page ocr_carea ocr_par ocr_line ocrx_word'/>
</head>
<body>
  <div class='ocr_page' id='page_1' title='image "./relatioitineris01dalrgoog_0037.png"; bbox 0 0 3200 5530; ppageno 0'>
   <div class='ocr_carea' id='block_1_1' title="bbox 217 556 1470 3842">
    <p class='ocr_par' dir='ltr' id='par_1_1' title="bbox 823 556 873 630">
     <span class='ocr_line' id='line_1_1' title="bbox 823 556 873 630; baseline 0 0"><span class='ocrx_word' id='word_1_1' title='bbox 823 556 873 630; x_wconf 80' lang='lat'>20</span> 
     </span>
    </p>

    <p class='ocr_par' dir='ltr' id='par_1_2' title="bbox 280 766 1470 2915">
     <span class='ocr_line' id='line_1_2' title="bbox 284 766 1401 868; baseline 0.001 -27"><span class='ocrx_word' id='word_1_2' title='bbox 284 766 481 865; x_wconf 83' lang='lat' dir='ltr'>copiosam</span> <span class='ocrx_word' id='word_1_3' title='bbox 514 768 710 867; x_wconf 84' lang='lat' dir='ltr'>pluviam3</span> <span class='ocrx_word' id='word_1_4' title='bbox 741 769 858 868; x_wconf 89' lang='lat' dir='ltr'>idque</span> <span class='ocrx_word' id='word_1_5' title='bbox 884 772 1106 848; x_wconf 75' lang='lat' dir='ltr'>constanter</span> <span class='ocrx_word' id='word_1_6' title='bbox 1136 796 1261 864; x_wconf 86' lang='lat' dir='ltr'>mone,</span> <span class='ocrx_word' id='word_1_7' title='bbox 1289 769 1401 846; x_wconf 89' lang='lat' dir='ltr'>meri-</span> 
     </span>
     <span class='ocr_line' id='line_1_3' title="bbox 287 897 1401 997; baseline -0.001 -25"><span class='ocrx_word' id='word_1_8' title='bbox 287 897 360 991; x_wconf 88' lang='lat' dir='ltr'>die,</span> <span class='ocrx_word' id='word_1_9' title='bbox 380 922 551 997; x_wconf 86' lang='lat' dir='ltr'>vespere,</span> <span class='ocrx_word' id='word_1_10' title='bbox 571 898 634 973; x_wconf 86' lang='lat' dir='ltr'>vel</span> <span class='ocrx_word' id='word_1_11' title='bbox 661 898 799 974; x_wconf 90' lang='lat' dir='ltr'>saltem</span> <span class='ocrx_word' id='word_1_12' title='bbox 827 906 963 974; x_wconf 88' lang='lat' dir='ltr'>ventos</span> <span class='ocrx_word' id='word_1_13' title='bbox 990 900 1038 975; x_wconf 88' lang='lat' dir='ltr'>iis</span> <span class='ocrx_word' id='word_1_14' title='bbox 1064 900 1170 975; x_wconf 88' lang='lat' dir='ltr'>horis</span> <span class='ocrx_word' id='word_1_15' title='bbox 1197 899 1401 974; x_wconf 89' lang='lat' dir='ltr'>vehemen-</span> 
     </span>
     <span class='ocr_line' id='line_1_4' title="bbox 286 1026 1403 1128; baseline -0.002 -26"><span class='ocrx_word' id='word_1_16' title='bbox 286 1026 415 1102; x_wconf 84' lang='lat' dir='ltr'><strong>tiores.</strong></span> <span class='ocrx_word' id='word_1_17' title='bbox 480 1027 586 1102; x_wconf 87' lang='lat' dir='ltr'>Hino</span> <span class='ocrx_word' id='word_1_18' title='bbox 617 1027 735 1104; x_wconf 88' lang='lat' dir='ltr'>etiarn</span> <span class='ocrx_word' id='word_1_19' title='bbox 767 1028 905 1104; x_wconf 83' lang='lat' dir='ltr'>deduci</span> <span class='ocrx_word' id='word_1_20' title='bbox 935 1029 1036 1104; x_wconf 85' lang='lat' dir='ltr'>ratio</span> <span class='ocrx_word' id='word_1_21' title='bbox 1064 1034 1203 1128; x_wconf 88' lang='lat' dir='ltr'>potest,</span> <span class='ocrx_word' id='word_1_22' title='bbox 1235 1052 1304 1102; x_wconf 87' lang='lat' dir='ltr'>cur</span> <span class='ocrx_word' id='word_1_23' title='bbox 1331 1027 1403 1101; x_wconf 90' lang='lat' dir='ltr'>hoo</span> 
     </span>
     <span class='ocr_line' id='line_1_5' title="bbox 284 1157 1470 1255; baseline 0 -25"><span class='ocrx_word' id='word_1_24' title='bbox 284 1163 461 1255; x_wconf 86' lang='lat' dir='ltr'>ternpore</span> <span class='ocrx_word' id='word_1_25' title='bbox 489 1157 607 1232; x_wconf 85' lang='lat' dir='ltr'>Sinus</span> <span class='ocrx_word' id='word_1_26' title='bbox 638 1157 860 1233; x_wconf 71' lang='lat' dir='ltr'>ernalaeiis</span> <span class='ocrx_word' id='word_1_27' title='bbox 894 1158 993 1234; x_wconf 90' lang='lat' dir='ltr'>liber</span> <span class='ocrx_word' id='word_1_28' title='bbox 1020 1158 1148 1234; x_wconf 83' lang='lat' dir='ltr'>fuerit.</span> <span class='ocrx_word' id='word_1_29' title='bbox 1212 1158 1318 1232; x_wconf 90' lang='lat' dir='ltr'>Nam</span> <span class='ocrx_word' id='word_1_30' title='bbox 1344 1157 1400 1230; x_wconf 90' lang='lat' dir='ltr'>sol</span> <span class='ocrx_word' id='word_1_31' title='bbox 1467 1162 1470 1166; x_wconf 79' lang='grc'><strong>’</strong></span> 
     </span>
     <span class='ocr_line' id='line_1_6' title="bbox 284 1284 1401 1385; baseline 0.001 -27"><span class='ocrx_word' id='word_1_32' title='bbox 284 1284 326 1360; x_wconf 94' lang='lat' dir='ltr'>in</span> <span class='ocrx_word' id='word_1_33' title='bbox 343 1285 491 1383; x_wconf 84' lang='lat' dir='ltr'>tropico</span> <span class='ocrx_word' id='word_1_34' title='bbox 510 1285 750 1384; x_wconf 76' lang='lat' dir='ltr'>Capricornii</span> <span class='ocrx_word' id='word_1_35' title='bbox 773 1287 941 1363; x_wconf 76' lang='lat' dir='ltr'>existens</span> <span class='ocrx_word' id='word_1_36' title='bbox 961 1288 1065 1363; x_wconf 76' lang='lat' dir='ltr'>ultra</span> <span class='ocrx_word' id='word_1_37' title='bbox 1083 1287 1246 1362; x_wconf 90' lang='lat' dir='ltr'>Lineam</span> <span class='ocrx_word' id='word_1_38' title='bbox 1266 1284 1401 1385; x_wconf 89' lang='lat' dir='ltr'>AEqni·</span> 
     </span>
     <span class='ocr_line' id='line_1_7' title="bbox 285 1413 1401 1514; baseline 0.001 -27"><span class='ocrx_word' id='word_1_39' title='bbox 285 1413 502 1507; x_wconf 88' lang='lat' dir='ltr'>nootialem,</span> <span class='ocrx_word' id='word_1_40' title='bbox 523 1416 629 1490; x_wconf 90' lang='lat' dir='ltr'>etad</span> <span class='ocrx_word' id='word_1_41' title='bbox 655 1415 829 1513; x_wconf 88' lang='lat' dir='ltr'>ejusdem</span> <span class='ocrx_word' id='word_1_42' title='bbox 857 1416 990 1491; x_wconf 87' lang='lat' dir='ltr'>Lineae</span> <span class='ocrx_word' id='word_1_43' title='bbox 1007 1422 1222 1492; x_wconf 78' lang='lat' dir='ltr'>extremam</span> <span class='ocrx_word' id='word_1_44' title='bbox 1249 1422 1401 1514; x_wconf 87' lang='lat' dir='ltr'>partem</span> 
     </span>
     <span class='ocr_line' id='line_1_8' title="bbox 284 1544 1401 1646; baseline 0.003 -28"><span class='ocrx_word' id='word_1_45' title='bbox 284 1544 579 1620; x_wconf 84' lang='lat' dir='ltr'>meridionalem</span> <span class='ocrx_word' id='word_1_46' title='bbox 606 1545 816 1640; x_wconf 82' lang='lat' dir='ltr'>declinans,</span> <span class='ocrx_word' id='word_1_47' title='bbox 842 1548 901 1646; x_wconf 83' lang='lat' dir='ltr'>(ut</span> <span class='ocrx_word' id='word_1_48' title='bbox 927 1547 1038 1622; x_wconf 87' lang='lat' dir='ltr'>nobis</span> <span class='ocrx_word' id='word_1_49' title='bbox 1057 1546 1197 1622; x_wconf 88' lang='lat' dir='ltr'>aooidit</span> <span class='ocrx_word' id='word_1_50' title='bbox 1222 1545 1326 1620; x_wconf 88' lang='lat' dir='ltr'>inter</span> <span class='ocrx_word' id='word_1_51' title='bbox 1352 1547 1401 1621; x_wconf 91' lang='grc'>13</span> 
     </span>
     <span class='ocr_line' id='line_1_9' title="bbox 283 1673 1400 1774; baseline 0.001 -27"><span class='ocrx_word' id='word_1_52' title='bbox 283 1679 322 1747; x_wconf 92' lang='lat' dir='ltr'>et</span> <span class='ocrx_word' id='word_1_53' title='bbox 349 1673 395 1750; x_wconf 88' lang='grc'>17</span> <span class='ocrx_word' id='word_1_54' title='bbox 422 1675 589 1772; x_wconf 84' lang='lat' dir='ltr'>gradum</span> <span class='ocrx_word' id='word_1_55' title='bbox 616 1673 824 1771; x_wconf 86' lang='lat' dir='ltr'>aequatoris</span> <span class='ocrx_word' id='word_1_56' title='bbox 850 1674 998 1773; x_wconf 90' lang='lat' dir='ltr'>positis,</span> <span class='ocrx_word' id='word_1_57' title='bbox 1018 1677 1173 1774; x_wconf 76' lang='lat' dir='ltr'>quando</span> <span class='ocrx_word' id='word_1_58' title='bbox 1200 1674 1400 1750; x_wconf 82' lang='lat' dir='ltr'>mensibus</span> 
     </span>
     <span class='ocr_line' id='line_1_10' title="bbox 283 1801 1399 1902; baseline 0 -26"><span class='ocrx_word' id='word_1_59' title='bbox 283 1801 426 1877; x_wconf 85' lang='lat' dir='ltr'>nostris</span> <span class='ocrx_word' id='word_1_60' title='bbox 453 1801 640 1902; x_wconf 87' lang='lat' dir='ltr'>hybernis</span> <span class='ocrx_word' id='word_1_61' title='bbox 666 1803 812 1878; x_wconf 84' lang='lat' dir='ltr'>calores</span> <span class='ocrx_word' id='word_1_62' title='bbox 838 1811 931 1878; x_wconf 89' lang='lat' dir='ltr'>sunt</span> <span class='ocrx_word' id='word_1_63' title='bbox 955 1803 1011 1878; x_wconf 91' lang='lat' dir='ltr'>ibi</span> <span class='ocrx_word' id='word_1_64' title='bbox 1033 1805 1225 1902; x_wconf 76' lang='lat' dir='ltr'>quantum</span> <span class='ocrx_word' id='word_1_65' title='bbox 1251 1803 1399 1877; x_wconf 82' lang='lat' dir='ltr'>aestivis</span> 
     </span>
     <span class='ocr_line' id='line_1_11' title="bbox 282 1931 1400 2032; baseline 0.001 -27"><span class='ocrx_word' id='word_1_66' title='bbox 282 1931 482 2008; x_wconf 84' lang='lat' dir='ltr'>mensibus</span> <span class='ocrx_word' id='word_1_67' title='bbox 511 1931 551 2006; x_wconf 93' lang='lat' dir='ltr'>in</span> <span class='ocrx_word' id='word_1_68' title='bbox 583 1931 758 2030; x_wconf 65' lang='lat' dir='ltr'>Europe)</span> <span class='ocrx_word' id='word_1_69' title='bbox 787 1932 950 2008; x_wconf 89' lang='lat' dir='ltr'>attrahit</span> <span class='ocrx_word' id='word_1_70' title='bbox 980 1933 1136 2032; x_wconf 79' lang='lat' dir='ltr'>oblique</span> <span class='ocrx_word' id='word_1_71' title='bbox 1168 1939 1331 2008; x_wconf 86' lang='lat' dir='ltr'>ventum</span> <span class='ocrx_word' id='word_1_72' title='bbox 1362 1940 1400 2007; x_wconf 86' lang='lat' dir='ltr'>et</span> 
     </span>
     <span class='ocr_line' id='line_1_12' title="bbox 282 2060 1396 2160; baseline 0.001 -26"><span class='ocrx_word' id='word_1_73' title='bbox 282 2061 460 2158; x_wconf 87' lang='lat' dir='ltr'>pluviam</span> <span class='ocrx_word' id='word_1_74' title='bbox 488 2063 537 2136; x_wconf 87' lang='lat' dir='ltr'>ad</span> <span class='ocrx_word' id='word_1_75' title='bbox 569 2060 731 2136; x_wconf 92' lang='lat' dir='ltr'>Lineam</span> <span class='ocrx_word' id='word_1_76' title='bbox 759 2062 1110 2160; x_wconf 81' lang='lat' dir='ltr'>AEquinootialom3</span> <span class='ocrx_word' id='word_1_77' title='bbox 1146 2069 1263 2160; x_wconf 87' lang='lat' dir='ltr'>atque</span> <span class='ocrx_word' id='word_1_78' title='bbox 1293 2060 1396 2155; x_wconf 79' lang='lat' dir='ltr'>inde,</span> 
     </span>
     <span class='ocr_line' id='line_1_13' title="bbox 282 2190 1398 2286; baseline 0.001 -21"><span class='ocrx_word' id='word_1_79' title='bbox 282 2191 330 2266; x_wconf 91' lang='lat' dir='ltr'>iis</span> <span class='ocrx_word' id='word_1_80' title='bbox 359 2191 558 2266; x_wconf 87' lang='lat' dir='ltr'>mensibus</span> <span class='ocrx_word' id='word_1_81' title='bbox 587 2190 693 2266; x_wconf 89' lang='lat' dir='ltr'>venti</span> <span class='ocrx_word' id='word_1_82' title='bbox 722 2199 814 2266; x_wconf 91' lang='lat' dir='ltr'>sunt</span> <span class='ocrx_word' id='word_1_83' title='bbox 842 2193 1035 2286; x_wconf 88' lang='lat' dir='ltr'>certiores,</span> <span class='ocrx_word' id='word_1_84' title='bbox 1063 2199 1103 2268; x_wconf 93' lang='lat' dir='ltr'>et</span> <span class='ocrx_word' id='word_1_85' title='bbox 1129 2192 1170 2267; x_wconf 94' lang='lat' dir='ltr'>in</span> <span class='ocrx_word' id='word_1_86' title='bbox 1199 2193 1270 2268; x_wconf 90' lang='lat' dir='ltr'>hoo</span> <span class='ocrx_word' id='word_1_87' title='bbox 1301 2192 1398 2266; x_wconf 81' lang='lat' dir='ltr'>Sinu</span> 
     </span>
     <span class='ocr_line' id='line_1_14' title="bbox 281 2320 1395 2420; baseline -0.001 -25"><span class='ocrx_word' id='word_1_88' title='bbox 281 2321 500 2420; x_wconf 71' lang='lat' dir='ltr'>praesertim</span> <span class='ocrx_word' id='word_1_89' title='bbox 532 2328 570 2396; x_wconf 90' lang='lat' dir='ltr'>et</span> <span class='ocrx_word' id='word_1_90' title='bbox 598 2321 733 2394; x_wconf 77' lang='lat' dir='ltr'>versus</span> <span class='ocrx_word' id='word_1_91' title='bbox 761 2321 954 2420; x_wconf 84' lang='lat' dir='ltr'>tropicum</span> <span class='ocrx_word' id='word_1_92' title='bbox 985 2320 1136 2396; x_wconf 85' lang='lat' dir='ltr'>Caneri.</span> <span class='ocrx_word' id='word_1_93' title='bbox 1200 2322 1395 2419; x_wconf 83' lang='lat' dir='ltr'>Frequen-</span> 
     </span>
     <span class='ocr_line' id='line_1_15' title="bbox 280 2449 1394 2548; baseline 0 -23"><span class='ocrx_word' id='word_1_94' title='bbox 280 2451 399 2526; x_wconf 89' lang='lat' dir='ltr'>tiores</span> <span class='ocrx_word' id='word_1_95' title='bbox 426 2457 555 2526; x_wconf 91' lang='lat' dir='ltr'>autem</span> <span class='ocrx_word' id='word_1_96' title='bbox 588 2455 682 2524; x_wconf 89' lang='lat' dir='ltr'>sunt</span> <span class='ocrx_word' id='word_1_97' title='bbox 706 2449 882 2524; x_wconf 78' lang='lat' dir='ltr'>malacim</span> <span class='ocrx_word' id='word_1_98' title='bbox 912 2451 1013 2544; x_wconf 75' lang='lat' dir='ltr'>oiim,</span> <span class='ocrx_word' id='word_1_99' title='bbox 1041 2449 1178 2526; x_wconf 69' lang='lat' dir='ltr'>{estivo</span> <span class='ocrx_word' id='word_1_100' title='bbox 1209 2456 1394 2548; x_wconf 88' lang='lat' dir='ltr'>ternpore,</span> 
     </span>
     <span class='ocr_line' id='line_1_16' title="bbox 280 2578 1396 2680; baseline -0.002 -24"><span class='ocrx_word' id='word_1_101' title='bbox 280 2581 337 2656; x_wconf 88' lang='lat' dir='ltr'>sol</span> <span class='ocrx_word' id='word_1_102' title='bbox 357 2586 592 2680; x_wconf 88' lang='lat' dir='ltr'>aequatorem</span> <span class='ocrx_word' id='word_1_103' title='bbox 620 2578 763 2654; x_wconf 87' lang='lat' dir='ltr'>transit</span> <span class='ocrx_word' id='word_1_104' title='bbox 782 2581 832 2655; x_wconf 89' lang='lat' dir='ltr'>ad</span> <span class='ocrx_word' id='word_1_105' title='bbox 858 2603 938 2668; x_wconf 89' lang='lat' dir='ltr'>nos,</span> <span class='ocrx_word' id='word_1_106' title='bbox 960 2580 1200 2678; x_wconf 79' lang='lat' dir='ltr'>attrahitque</span> <span class='ocrx_word' id='word_1_107' title='bbox 1226 2587 1396 2654; x_wconf 90' lang='lat' dir='ltr'>meteora</span> 
     </span>
     <span class='ocr_line' id='line_1_17' title="bbox 280 2695 1393 2809; baseline -0.002 -23"><span class='ocrx_word' id='word_1_108' title='bbox 280 2711 383 2786; x_wconf 87' lang='lat' dir='ltr'>salsa</span> <span class='ocrx_word' id='word_1_109' title='bbox 411 2716 449 2786; x_wconf 92' lang='lat' dir='ltr'>et</span> <span class='ocrx_word' id='word_1_110' title='bbox 476 2733 611 2807; x_wconf 82' lang='lat' dir='ltr'>aquea,</span> <span class='ocrx_word' id='word_1_111' title='bbox 639 2733 716 2782; x_wconf 90' lang='lat' dir='ltr'>non</span> <span class='ocrx_word' id='word_1_112' title='bbox 734 2709 903 2808; x_wconf 76' lang='lat' dir='ltr'>oblique</span> <span class='ocrx_word' id='word_1_113' title='bbox 934 2695 1002 2785; x_wconf 90' lang='lat' dir='ltr'>sed</span> <span class='ocrx_word' id='word_1_114' title='bbox 1033 2710 1112 2784; x_wconf 79' lang='lat' dir='ltr'>fere</span> <span class='ocrx_word' id='word_1_115' title='bbox 1141 2709 1393 2809; x_wconf 87' lang='lat' dir='ltr'>perpendicu-</span> 
     </span>
     <span class='ocr_line' id='line_1_18' title="bbox 280 2839 426 2915; baseline -0.007 -1"><span class='ocrx_word' id='word_1_116' title='bbox 280 2839 426 2915; x_wconf 80' lang='lat' dir='ltr'>leniter.</span> 
     </span>
    </p>

    <p class='ocr_par' dir='ltr' id='par_1_3' title="bbox 217 2967 1394 3842">
     <span class='ocr_line' id='line_1_19' title="bbox 318 2967 1394 3066; baseline -0.003 -21"><span class='ocrx_word' id='word_1_117' title='bbox 318 2970 409 3045; x_wconf 76' lang='lat' dir='ltr'>,Hie</span> <span class='ocrx_word' id='word_1_118' title='bbox 438 2974 568 3044; x_wconf 92' lang='lat' dir='ltr'>autem</span> <span class='ocrx_word' id='word_1_119' title='bbox 598 2991 675 3042; x_wconf 94' lang='lat' dir='ltr'>non</span> <span class='ocrx_word' id='word_1_120' title='bbox 707 2991 866 3066; x_wconf 90' lang='lat' dir='ltr'>possum</span> <span class='ocrx_word' id='word_1_121' title='bbox 896 2993 973 3042; x_wconf 91' lang='lat' dir='ltr'>non</span> <span class='ocrx_word' id='word_1_122' title='bbox 1002 2969 1188 3044; x_wconf 81' lang='lat' dir='ltr'>extollere</span> <span class='ocrx_word' id='word_1_123' title='bbox 1219 2967 1394 3044; x_wconf 87' lang='lat' dir='ltr'>divinam</span> 
     </span>
     <span class='ocr_line' id='line_1_20' title="bbox 279 3094 1393 3195; baseline -0.001 -22"><span class='ocrx_word' id='word_1_124' title='bbox 279 3097 502 3176; x_wconf 86' lang='lat' dir='ltr'>Bonitatem</span> <span class='ocrx_word' id='word_1_125' title='bbox 529 3121 617 3195; x_wconf 86' lang='lat' dir='ltr'>quae</span> <span class='ocrx_word' id='word_1_126' title='bbox 641 3094 895 3194; x_wconf 82' lang='lat' dir='ltr'>diligentibus</span> <span class='ocrx_word' id='word_1_127' title='bbox 920 3096 1023 3189; x_wconf 83' lang='lat' dir='ltr'>facit,</span> <span class='ocrx_word' id='word_1_128' title='bbox 1044 3103 1089 3171; x_wconf 90' lang='lat' dir='ltr'>ut</span> <span class='ocrx_word' id='word_1_129' title='bbox 1106 3095 1237 3172; x_wconf 89' lang='lat' dir='ltr'>omnia</span> <span class='ocrx_word' id='word_1_130' title='bbox 1263 3122 1393 3195; x_wconf 88' lang='lat' dir='ltr'>ooope-</span> 
     </span>
     <span class='ocr_line' id='line_1_21' title="bbox 217 3225 1394 3326; baseline 0 -24"><span class='ocrx_word' id='word_1_131' title='bbox 217 3319 219 3322; x_wconf 83' lang='lat'>.</span> <span class='ocrx_word' id='word_1_132' title='bbox 276 3235 412 3303; x_wconf 87' lang='lat' dir='ltr'>rentur</span> <span class='ocrx_word' id='word_1_133' title='bbox 447 3228 489 3301; x_wconf 93' lang='lat' dir='ltr'>in</span> <span class='ocrx_word' id='word_1_134' title='bbox 523 3226 681 3302; x_wconf 90' lang='lat' dir='ltr'>bonum.</span> <span class='ocrx_word' id='word_1_135' title='bbox 751 3225 792 3300; x_wconf 81' lang='lat' dir='ltr'>Si</span> <span class='ocrx_word' id='word_1_136' title='bbox 827 3226 931 3300; x_wconf 90' lang='lat' dir='ltr'>enim</span> <span class='ocrx_word' id='word_1_137' title='bbox 967 3226 1078 3302; x_wconf 71' lang='lat' dir='ltr'>nulla</span> <span class='ocrx_word' id='word_1_138' title='bbox 1111 3226 1253 3326; x_wconf 73' lang='lat' dir='ltr'>injecta</span> <span class='ocrx_word' id='word_1_139' title='bbox 1286 3230 1394 3302; x_wconf 74' lang='lat' dir='ltr'>mord</span> 
     </span>
     <span class='ocr_line' id='line_1_22' title="bbox 277 3356 1392 3456; baseline -0.001 -23"><span class='ocrx_word' id='word_1_140' title='bbox 277 3357 460 3433; x_wconf 84' lang='lat' dir='ltr'>lacuisset</span> <span class='ocrx_word' id='word_1_141' title='bbox 489 3381 533 3431; x_wconf 91' lang='lat' dir='ltr'>eo</span> <span class='ocrx_word' id='word_1_142' title='bbox 559 3363 734 3454; x_wconf 88' lang='lat' dir='ltr'>tempore</span> <span class='ocrx_word' id='word_1_143' title='bbox 765 3356 915 3432; x_wconf 84' lang='lat' dir='ltr'>solvere</span> <span class='ocrx_word' id='word_1_144' title='bbox 946 3381 1022 3456; x_wconf 88' lang='lat' dir='ltr'>quo</span> <span class='ocrx_word' id='word_1_145' title='bbox 1053 3357 1392 3452; x_wconf 76' lang='lat' dir='ltr'>constitueremur,</span> 
     </span>
     <span class='ocr_line' id='line_1_23' title="bbox 278 3484 1394 3586; baseline 0.002 -25"><span class='ocrx_word' id='word_1_146' title='bbox 278 3485 423 3561; x_wconf 84' lang='lat' dir='ltr'>mensis</span> <span class='ocrx_word' id='word_1_147' title='bbox 458 3484 605 3560; x_wconf 84' lang='lat' dir='ltr'>seilicet</span> <span class='ocrx_word' id='word_1_148' title='bbox 638 3487 794 3583; x_wconf 81' lang='lat' dir='ltr'>augusti</span> <span class='ocrx_word' id='word_1_149' title='bbox 830 3485 1030 3584; x_wconf 83' lang='lat' dir='ltr'>vigesimo,</span> <span class='ocrx_word' id='word_1_150' title='bbox 1063 3486 1144 3562; x_wconf 89' lang='lat' dir='ltr'>sole</span> <span class='ocrx_word' id='word_1_151' title='bbox 1178 3487 1233 3561; x_wconf 78' lang='lat' dir='ltr'>oia</span> <span class='ocrx_word' id='word_1_152' title='bbox 1268 3513 1394 3586; x_wconf 71' lang='lat' dir='ltr'>aequa·</span> 
     </span>
     <span class='ocr_line' id='line_1_24' title="bbox 277 3611 1391 3690; baseline -0.001 -1"><span class='ocrx_word' id='word_1_153' title='bbox 277 3621 401 3690; x_wconf 91' lang='lat' dir='ltr'>torem</span> <span class='ocrx_word' id='word_1_154' title='bbox 436 3611 621 3688; x_wconf 84' lang='lat' dir='ltr'>verticem</span> <span class='ocrx_word' id='word_1_155' title='bbox 657 3612 818 3688; x_wconf 87' lang='lat' dir='ltr'>feriente</span> <span class='ocrx_word' id='word_1_156' title='bbox 847 3612 1104 3688; x_wconf 85' lang='lat' dir='ltr'>intensissimi</span> <span class='ocrx_word' id='word_1_157' title='bbox 1135 3615 1282 3690; x_wconf 84' lang='lat' dir='ltr'>calores</span> <span class='ocrx_word' id='word_1_158' title='bbox 1314 3639 1391 3690; x_wconf 94' lang='lat' dir='ltr'>non</span> 
     </span>
     <span class='ocr_line' id='line_1_25' title="bbox 277 3741 1393 3842; baseline -0.001 -23"><span class='ocrx_word' id='word_1_159' title='bbox 277 3745 404 3819; x_wconf 85' lang='lat' dir='ltr'>solinn</span> <span class='ocrx_word' id='word_1_160' title='bbox 423 3769 588 3820; x_wconf 77' lang='lat' dir='ltr'>annonae</span> <span class='ocrx_word' id='word_1_161' title='bbox 614 3743 754 3836; x_wconf 89' lang='lat' dir='ltr'>labem,</span> <span class='ocrx_word' id='word_1_162' title='bbox 774 3744 843 3818; x_wconf 85' lang='lat' dir='ltr'>sed</span> <span class='ocrx_word' id='word_1_163' title='bbox 868 3741 1065 3842; x_wconf 86' lang='lat' dir='ltr'>plerisque</span> <span class='ocrx_word' id='word_1_164' title='bbox 1092 3742 1273 3818; x_wconf 89' lang='lat' dir='ltr'>omnibus</span> <span class='ocrx_word' id='word_1_165' title='bbox 1295 3769 1393 3818; x_wconf 90' lang='lat' dir='ltr'>rnor-</span> 
     </span>
    </p>
   </div>
   <div class='ocr_carea' id='block_1_2' title="bbox 0 0 1604 5529">
    <p class='ocr_par' dir='ltr' id='par_1_4' title="bbox 0 0 1604 5529">
     <span class='ocr_line' id='line_1_26' title="bbox 0 0 1604 5529; baseline 0 0"><span class='ocrx_word' id='word_1_166' title='bbox 0 0 1604 5529; x_wconf 95' lang='lat' dir='ltr'> </span> 
     </span>
    </p>
   </div>
  </div>
 </body>
</html>
