<?xml version="1.0" encoding="UTF-8"?>
<!DOCTYPE html PUBLIC "-//W3C//DTD XHTML 1.0 Transitional//EN"
    "http://www.w3.org/TR/xhtml1/DTD/xhtml1-transitional.dtd">
<html xmlns="http://www.w3.org/1999/xhtml" xml:lang="en" lang="en">
 <head>
  <title>
</title>
<meta http-equiv="Content-Type" content="text/html;charset=utf-8" />
  <meta name='ocr-system' content='tesseract 3.04.00' />
  <meta name='ocr-capabilities' content='ocr_page ocr_carea ocr_par ocr_line ocrx_word'/>
</head>
<body>
  <div class='ocr_page' id='page_1' title='image "./relatioitineris01dalrgoog_0165.png"; bbox 0 0 3226 5556; ppageno 0'>
   <div class='ocr_carea' id='block_1_1' title="bbox 773 599 847 674">
    <p class='ocr_par' dir='ltr' id='par_1_1' title="bbox 773 599 847 674">
     <span class='ocr_line' id='line_1_1' title="bbox 773 599 847 674; baseline 0.027 -2"><span class='ocrx_word' id='word_1_1' title='bbox 773 599 847 674; x_wconf 80' lang='lat'>106</span> 
     </span>
    </p>
   </div>
   <div class='ocr_carea' id='block_1_2' title="bbox 255 812 1372 1223">
    <p class='ocr_par' dir='ltr' id='par_1_2' title="bbox 255 812 1372 1223">
     <span class='ocr_line' id='line_1_2' title="bbox 296 812 1372 894; baseline -0.002 -22"><span class='ocrx_word' id='word_1_2' title='bbox 296 859 302 872; x_wconf 92' lang='lat'><em>.</em></span> <span class='ocrx_word' id='word_1_3' title='bbox 326 859 332 872; x_wconf 92' lang='lat'><em>.</em></span> <span class='ocrx_word' id='word_1_4' title='bbox 357 859 362 872; x_wconf 94' lang='lat'><strong><em>.</em></strong></span> <span class='ocrx_word' id='word_1_5' title='bbox 386 813 459 873; x_wconf 83' lang='lat' dir='ltr'>This</span> <span class='ocrx_word' id='word_1_6' title='bbox 474 814 560 891; x_wconf 85' lang='lat' dir='ltr'>ploce</span> <span class='ocrx_word' id='word_1_7' title='bbox 575 833 702 893; x_wconf 76' lang='lat' dir='ltr'>appears</span> <span class='ocrx_word' id='word_1_8' title='bbox 717 815 746 872; x_wconf 91' lang='lat' dir='ltr'>in</span> <span class='ocrx_word' id='word_1_9' title='bbox 762 816 813 874; x_wconf 86' lang='lat' dir='ltr'>the</span> <span class='ocrx_word' id='word_1_10' title='bbox 828 822 929 876; x_wconf 83' lang='lat' dir='ltr'><strong>recent</strong></span> <span class='ocrx_word' id='word_1_11' title='bbox 943 816 1043 894; x_wconf 76' lang='lat' dir='ltr'>MapS,</span> <span class='ocrx_word' id='word_1_12' title='bbox 1059 817 1155 876; x_wconf 87' lang='lat' dir='ltr'>under</span> <span class='ocrx_word' id='word_1_13' title='bbox 1169 815 1220 874; x_wconf 92' lang='lat' dir='ltr'>the</span> <span class='ocrx_word' id='word_1_14' title='bbox 1236 832 1321 872; x_wconf 87' lang='lat' dir='ltr'>name</span> <span class='ocrx_word' id='word_1_15' title='bbox 1336 812 1372 871; x_wconf 87' lang='lat' dir='ltr'>of</span> 
     </span>
     <span class='ocr_line' id='line_1_3' title="bbox 256 921 1367 1002; baseline -0.001 -20"><span class='ocrx_word' id='word_1_16' title='bbox 256 921 334 982; x_wconf 75' lang='lat' dir='ltr'>Neo</span> <span class='ocrx_word' id='word_1_17' title='bbox 350 924 573 1001; x_wconf 74' lang='lat' dir='ltr'>Marlborouyit</span> <span class='ocrx_word' id='word_1_18' title='bbox 589 944 622 984; x_wconf 93' lang='lat' dir='ltr'>or</span> <span class='ocrx_word' id='word_1_19' title='bbox 642 927 865 1002; x_wconf 74' lang='lat' dir='ltr'>Marlborooyh</span> <span class='ocrx_word' id='word_1_20' title='bbox 887 928 990 987; x_wconf 82' lang='lat' dir='ltr'>Point.</span> <span class='ocrx_word' id='word_1_21' title='bbox 1035 927 1075 987; x_wconf 84' lang='lat' dir='ltr'>So</span> <span class='ocrx_word' id='word_1_22' title='bbox 1091 926 1228 986; x_wconf 88' lang='lat' dir='ltr'>Bernord</span> <span class='ocrx_word' id='word_1_23' title='bbox 1243 924 1367 1001; x_wconf 85' lang='lat' dir='ltr'>Ulysses</span> 
     </span>
     <span class='ocr_line' id='line_1_4' title="bbox 257 1031 1366 1113; baseline 0.001 -23"><span class='ocrx_word' id='word_1_24' title='bbox 257 1031 424 1109; x_wconf 81' lang='lat' dir='ltr'>Gampbell,</span> <span class='ocrx_word' id='word_1_25' title='bbox 441 1033 512 1110; x_wconf 82' lang='lat' dir='ltr'>llsq.</span> <span class='ocrx_word' id='word_1_26' title='bbox 529 1039 622 1093; x_wconf 88' lang='lat' dir='ltr'>states</span> <span class='ocrx_word' id='word_1_27' title='bbox 640 1035 672 1092; x_wconf 92' lang='lat' dir='ltr'>iu</span> <span class='ocrx_word' id='word_1_28' title='bbox 692 1035 743 1093; x_wconf 91' lang='lat' dir='ltr'>the</span> <span class='ocrx_word' id='word_1_29' title='bbox 765 1035 983 1113; x_wconf 87' lang='lat' dir='ltr'>Metropolitau</span> <span class='ocrx_word' id='word_1_30' title='bbox 999 1037 1138 1098; x_wconf 75' lang='lat' dir='ltr'>catholic</span> <span class='ocrx_word' id='word_1_31' title='bbox 1153 1036 1301 1096; x_wconf 85' lang='lat' dir='ltr'>Almanac</span> <span class='ocrx_word' id='word_1_32' title='bbox 1320 1035 1366 1092; x_wconf 86' lang='lat' dir='ltr'>for</span> 
     </span>
     <span class='ocr_line' id='line_1_5' title="bbox 255 1141 1221 1223; baseline 0.004 -23"><span class='ocrx_word' id='word_1_33' title='bbox 255 1141 306 1200; x_wconf 91' lang='lat' dir='ltr'>the</span> <span class='ocrx_word' id='word_1_34' title='bbox 320 1159 391 1219; x_wconf 85' lang='lat' dir='ltr'>year</span> <span class='ocrx_word' id='word_1_35' title='bbox 408 1145 483 1202; x_wconf 86' lang='grc'>1841</span> <span class='ocrx_word' id='word_1_36' title='bbox 496 1164 503 1218; x_wconf 86' lang='grc'><strong>;</strong></span> <span class='ocrx_word' id='word_1_37' title='bbox 526 1144 585 1202; x_wconf 90' lang='lat' dir='ltr'>and</span> <span class='ocrx_word' id='word_1_38' title='bbox 599 1145 659 1203; x_wconf 91' lang='lat' dir='ltr'>this</span> <span class='ocrx_word' id='word_1_39' title='bbox 674 1145 699 1202; x_wconf 91' lang='lat' dir='ltr'>is</span> <span class='ocrx_word' id='word_1_40' title='bbox 713 1145 875 1204; x_wconf 89' lang='lat' dir='ltr'>confirmed</span> <span class='ocrx_word' id='word_1_41' title='bbox 889 1147 928 1222; x_wconf 86' lang='lat' dir='ltr'>by</span> <span class='ocrx_word' id='word_1_42' title='bbox 941 1147 1022 1223; x_wconf 79' lang='lat' dir='ltr'>good</span> <span class='ocrx_word' id='word_1_43' title='bbox 1037 1146 1221 1220; x_wconf 79' lang='lat' dir='ltr'>authorities.</span> 
     </span>
    </p>
   </div>
   <div class='ocr_carea' id='block_1_3' title="bbox 296 1533 940 1611">
    <p class='ocr_par' dir='ltr' id='par_1_3' title="bbox 296 1533 940 1611">
     <span class='ocr_line' id='line_1_6' title="bbox 296 1533 940 1611; baseline 0.003 -20"><span class='ocrx_word' id='word_1_44' title='bbox 296 1533 353 1611; x_wconf 82' lang='grc' dir='ltr'>(Ι)</span> <span class='ocrx_word' id='word_1_45' title='bbox 377 1533 412 1592; x_wconf 93' lang='lat' dir='ltr'>P.</span> <span class='ocrx_word' id='word_1_46' title='bbox 431 1535 479 1594; x_wconf 85' lang='grc'>33.</span> <span class='ocrx_word' id='word_1_47' title='bbox 501 1579 507 1592; x_wconf 90' lang='grc'><strong>.</strong></span> <span class='ocrx_word' id='word_1_48' title='bbox 531 1580 537 1592; x_wconf 94' lang='grc'><em>.</em></span> <span class='ocrx_word' id='word_1_49' title='bbox 562 1579 568 1592; x_wconf 92' lang='grc'><strong>.</strong></span> <span class='ocrx_word' id='word_1_50' title='bbox 591 1533 743 1610; x_wconf 88' lang='lat' dir='ltr'>Pueriqne</span> <span class='ocrx_word' id='word_1_51' title='bbox 760 1534 846 1593; x_wconf 90' lang='lat' dir='ltr'>vices.</span> <span class='ocrx_word' id='word_1_52' title='bbox 870 1581 876 1596; x_wconf 86' lang='lat'><strong>.</strong></span> <span class='ocrx_word' id='word_1_53' title='bbox 900 1578 906 1594; x_wconf 88' lang='lat'><strong>.</strong></span> <span class='ocrx_word' id='word_1_54' title='bbox 933 1577 940 1593; x_wconf 88' lang='lat'>.</span> 
     </span>
    </p>
   </div>
   <div class='ocr_carea' id='block_1_4' title="bbox 293 1754 803 1832">
    <p class='ocr_par' dir='ltr' id='par_1_4' title="bbox 293 1754 803 1832">
     <span class='ocr_line' id='line_1_7' title="bbox 293 1754 803 1832; baseline 0 -16"><span class='ocrx_word' id='word_1_55' title='bbox 293 1799 301 1816; x_wconf 92' lang='lat'><strong>.</strong></span> <span class='ocrx_word' id='word_1_56' title='bbox 325 1799 332 1814; x_wconf 89' lang='lat'><strong>.</strong></span> <span class='ocrx_word' id='word_1_57' title='bbox 356 1800 363 1814; x_wconf 90' lang='lat'><strong>.</strong></span> <span class='ocrx_word' id='word_1_58' title='bbox 386 1755 460 1814; x_wconf 84' lang='lat' dir='ltr'>And</span> <span class='ocrx_word' id='word_1_59' title='bbox 475 1755 546 1813; x_wconf 89' lang='lat' dir='ltr'>took</span> <span class='ocrx_word' id='word_1_60' title='bbox 560 1754 606 1812; x_wconf 89' lang='lat' dir='ltr'>his</span> <span class='ocrx_word' id='word_1_61' title='bbox 621 1754 715 1832; x_wconf 87' lang='lat' dir='ltr'>place.</span> <span class='ocrx_word' id='word_1_62' title='bbox 739 1801 745 1813; x_wconf 92' lang='lat'><strong>.</strong></span> <span class='ocrx_word' id='word_1_63' title='bbox 769 1799 803 1816; x_wconf 90' lang='lat'>..</span> 
     </span>
    </p>
   </div>
   <div class='ocr_carea' id='block_1_5' title="bbox 728 1978 1362 1990">
    <p class='ocr_par' dir='ltr' id='par_1_5' title="bbox 728 1978 1362 1990">
     <span class='ocr_line' id='line_1_8' title="bbox 728 1978 1362 1990; baseline 0 -3"><span class='ocrx_word' id='word_1_64' title='bbox 728 1978 1362 1990; x_wconf 42' lang='lat' dir='ltr'>mam—..m</span> 
     </span>
    </p>
   </div>
   <div class='ocr_carea' id='block_1_6' title="bbox 231 2117 1443 3316">
    <p class='ocr_par' dir='ltr' id='par_1_6' title="bbox 231 2117 1443 3316">
     <span class='ocr_line' id='line_1_9' title="bbox 294 2117 1366 2218; baseline -0.001 -18"><span class='ocrx_word' id='word_1_65' title='bbox 294 2141 367 2218; x_wconf 90' lang='lat' dir='ltr'>(K.)</span> <span class='ocrx_word' id='word_1_66' title='bbox 379 2131 415 2200; x_wconf 86' lang='lat' dir='ltr'>P.</span> <span class='ocrx_word' id='word_1_67' title='bbox 429 2144 475 2201; x_wconf 89' lang='grc'>36.</span> <span class='ocrx_word' id='word_1_68' title='bbox 489 2184 496 2198; x_wconf 95' lang='grc'><strong>.</strong></span> <span class='ocrx_word' id='word_1_69' title='bbox 508 2184 515 2199; x_wconf 93' lang='grc'><strong>.</strong></span> <span class='ocrx_word' id='word_1_70' title='bbox 529 2139 635 2202; x_wconf 86' lang='lat' dir='ltr'>Sinum</span> <span class='ocrx_word' id='word_1_71' title='bbox 647 2160 738 2199; x_wconf 92' lang='lat' dir='ltr'>nuum</span> <span class='ocrx_word' id='word_1_72' title='bbox 751 2188 757 2204; x_wconf 88' lang='lat'><em>.</em></span> <span class='ocrx_word' id='word_1_73' title='bbox 771 2187 778 2201; x_wconf 94' lang='lat'><strong>.</strong></span> <span class='ocrx_word' id='word_1_74' title='bbox 791 2189 797 2200; x_wconf 92' lang='lat'>.</span> <span class='ocrx_word' id='word_1_75' title='bbox 812 2142 891 2205; x_wconf 83' lang='lat' dir='ltr'>intrit</span> <span class='ocrx_word' id='word_1_76' title='bbox 901 2117 957 2201; x_wconf 32' lang='lat' dir='ltr'>hos*</span> <span class='ocrx_word' id='word_1_77' title='bbox 967 2145 1025 2201; x_wconf 79' lang='lat'>200</span> <span class='ocrx_word' id='word_1_78' title='bbox 1037 2161 1130 2202; x_wconf 89' lang='lat' dir='ltr'>annos</span> <span class='ocrx_word' id='word_1_79' title='bbox 1142 2145 1159 2200; x_wconf 72' lang='lat' dir='ltr'>h</span> <span class='ocrx_word' id='word_1_80' title='bbox 1171 2145 1257 2214; x_wconf 75' lang='lat'>1634,</span> <span class='ocrx_word' id='word_1_81' title='bbox 1267 2159 1366 2200; x_wconf 86' lang='lat' dir='ltr'>corro-</span> 
     </span>
     <span class='ocr_line' id='line_1_10' title="bbox 252 2247 1366 2328; baseline -0.001 -19"><span class='ocrx_word' id='word_1_82' title='bbox 252 2251 292 2309; x_wconf 90' lang='lat' dir='ltr'>sit</span> <span class='ocrx_word' id='word_1_83' title='bbox 304 2267 389 2326; x_wconf 85' lang='lat' dir='ltr'>aquae</span> <span class='ocrx_word' id='word_1_84' title='bbox 404 2250 448 2307; x_wconf 86' lang='lat' dir='ltr'>vis</span> <span class='ocrx_word' id='word_1_85' title='bbox 463 2247 608 2325; x_wconf 81' lang='lat' dir='ltr'>quasdam</span> <span class='ocrx_word' id='word_1_86' title='bbox 623 2250 756 2328; x_wconf 88' lang='lat' dir='ltr'>riparum</span> <span class='ocrx_word' id='word_1_87' title='bbox 769 2250 898 2313; x_wconf 88' lang='lat' dir='ltr'>fluminis</span> <span class='ocrx_word' id='word_1_88' title='bbox 911 2259 1022 2328; x_wconf 86' lang='lat' dir='ltr'>partes.</span> <span class='ocrx_word' id='word_1_89' title='bbox 1067 2253 1105 2312; x_wconf 87' lang='lat' dir='ltr'>Id</span> <span class='ocrx_word' id='word_1_90' title='bbox 1120 2258 1205 2328; x_wconf 87' lang='lat' dir='ltr'>patet</span> <span class='ocrx_word' id='word_1_91' title='bbox 1219 2255 1250 2310; x_wconf 84' lang='lat'>1⁰</span> <span class='ocrx_word' id='word_1_92' title='bbox 1264 2271 1302 2310; x_wconf 86' lang='lat' dir='ltr'>ex</span> <span class='ocrx_word' id='word_1_93' title='bbox 1316 2251 1366 2308; x_wconf 87' lang='lat' dir='ltr'>ad-</span> 
     </span>
     <span class='ocr_line' id='line_1_11' title="bbox 231 2358 1365 2438; baseline 0.004 -24"><span class='ocrx_word' id='word_1_94' title='bbox 231 2405 235 2414; x_wconf 87' lang='lat'>.</span> <span class='ocrx_word' id='word_1_95' title='bbox 253 2359 406 2416; x_wconf 89' lang='lat' dir='ltr'>notatione</span> <span class='ocrx_word' id='word_1_96' title='bbox 420 2358 453 2416; x_wconf 81' lang='lat' dir='ltr'>F.</span> <span class='ocrx_word' id='word_1_97' title='bbox 470 2358 546 2434; x_wconf 79' lang='lat' dir='ltr'>Peg.</span> <span class='ocrx_word' id='word_1_98' title='bbox 561 2361 695 2418; x_wconf 72' lang='lat' dir='ltr'>los-2⁰</span> <span class='ocrx_word' id='word_1_99' title='bbox 709 2377 746 2421; x_wconf 86' lang='lat' dir='ltr'>ex</span> <span class='ocrx_word' id='word_1_100' title='bbox 757 2359 941 2436; x_wconf 78' lang='lat' dir='ltr'>inspectione</span> <span class='ocrx_word' id='word_1_101' title='bbox 953 2361 1011 2418; x_wconf 92' lang='lat' dir='ltr'>loci</span> <span class='ocrx_word' id='word_1_102' title='bbox 1024 2361 1101 2419; x_wconf 80' lang='lat' dir='ltr'>Fort</span> <span class='ocrx_word' id='word_1_103' title='bbox 1108 2363 1200 2438; x_wconf 82' lang='lat' dir='ltr'>point</span> <span class='ocrx_word' id='word_1_104' title='bbox 1209 2361 1240 2418; x_wconf 91' lang='lat' dir='ltr'>in</span> <span class='ocrx_word' id='word_1_105' title='bbox 1252 2361 1365 2438; x_wconf 83' lang='lat' dir='ltr'>praedio</span> 
     </span>
     <span class='ocr_line' id='line_1_12' title="bbox 253 2467 1367 2544; baseline 0.005 -20"><span class='ocrx_word' id='word_1_106' title='bbox 253 2468 292 2526; x_wconf 91' lang='lat' dir='ltr'>ad</span> <span class='ocrx_word' id='word_1_107' title='bbox 309 2469 400 2528; x_wconf 78' lang='lat' dir='ltr'>Sciat</span> <span class='ocrx_word' id='word_1_108' title='bbox 421 2467 556 2544; x_wconf 72' lang='lat' dir='ltr'>Iniyoes,</span> <span class='ocrx_word' id='word_1_109' title='bbox 574 2469 625 2526; x_wconf 91' lang='lat' dir='ltr'>ubi</span> <span class='ocrx_word' id='word_1_110' title='bbox 647 2469 825 2532; x_wconf 89' lang='lat' dir='ltr'>Leonardns</span> <span class='ocrx_word' id='word_1_111' title='bbox 848 2471 971 2531; x_wconf 82' lang='lat' dir='ltr'>Calvert</span> <span class='ocrx_word' id='word_1_112' title='bbox 991 2472 1147 2533; x_wconf 87' lang='lat' dir='ltr'>castellnm</span> <span class='ocrx_word' id='word_1_113' title='bbox 1169 2471 1367 2531; x_wconf 87' lang='lat' dir='ltr'>communive-</span> 
     </span>
     <span class='ocr_line' id='line_1_13' title="bbox 251 2565 1421 2654; baseline 0.003 -20"><span class='ocrx_word' id='word_1_114' title='bbox 251 2583 307 2648; x_wconf 89' lang='lat' dir='ltr'>rat,</span> <span class='ocrx_word' id='word_1_115' title='bbox 321 2577 401 2653; x_wconf 91' lang='lat' dir='ltr'>quod</span> <span class='ocrx_word' id='word_1_116' title='bbox 416 2575 556 2635; x_wconf 86' lang='lat' dir='ltr'>haustum</span> <span class='ocrx_word' id='word_1_117' title='bbox 572 2577 629 2636; x_wconf 83' lang='lat' dir='ltr'>fuit</span> <span class='ocrx_word' id='word_1_118' title='bbox 640 2596 706 2637; x_wconf 90' lang='lat' dir='ltr'>cnm</span> <span class='ocrx_word' id='word_1_119' title='bbox 719 2578 853 2654; x_wconf 81' lang='lat' dir='ltr'><strong>ipsismet</strong></span> <span class='ocrx_word' id='word_1_120' title='bbox 866 2581 1023 2638; x_wconf 88' lang='lat' dir='ltr'>tormentis</span> <span class='ocrx_word' id='word_1_121' title='bbox 1038 2581 1152 2640; x_wconf 82' lang='lat' dir='ltr'>bellicis</span> <span class='ocrx_word' id='word_1_122' title='bbox 1167 2583 1211 2639; x_wconf 81' lang='lat' dir='ltr'>lo.</span> <span class='ocrx_word' id='word_1_123' title='bbox 1224 2581 1271 2638; x_wconf 86' lang='lat' dir='ltr'>vel</span> <span class='ocrx_word' id='word_1_124' title='bbox 1288 2583 1366 2638; x_wconf 76' lang='grc'>12-</span> <span class='ocrx_word' id='word_1_125' title='bbox 1418 2565 1421 2568; x_wconf 47' lang='grc'>’</span> 
     </span>
     <span class='ocr_line' id='line_1_14' title="bbox 252 2686 1366 2769; baseline 0.002 -25"><span class='ocrx_word' id='word_1_126' title='bbox 252 2687 402 2762; x_wconf 89' lang='lat' dir='ltr'>Depressa</span> <span class='ocrx_word' id='word_1_127' title='bbox 416 2689 487 2744; x_wconf 82' lang='lat' dir='ltr'>vero</span> <span class='ocrx_word' id='word_1_128' title='bbox 508 2686 539 2744; x_wconf 95' lang='lat' dir='ltr'>in</span> <span class='ocrx_word' id='word_1_129' title='bbox 555 2691 657 2763; x_wconf 76' lang='lat' dir='ltr'>arena,</span> <span class='ocrx_word' id='word_1_130' title='bbox 672 2694 702 2746; x_wconf 88' lang='lat' dir='ltr'>et</span> <span class='ocrx_word' id='word_1_131' title='bbox 717 2695 823 2769; x_wconf 89' lang='lat' dir='ltr'>operta</span> <span class='ocrx_word' id='word_1_132' title='bbox 837 2696 912 2752; x_wconf 82' lang='lat' dir='ltr'>aestu</span> <span class='ocrx_word' id='word_1_133' title='bbox 927 2696 1086 2763; x_wconf 85' lang='lat' dir='ltr'>crescente,</span> <span class='ocrx_word' id='word_1_134' title='bbox 1103 2690 1204 2767; x_wconf 77' lang='lat' dir='ltr'>orgyis</span> <span class='ocrx_word' id='word_1_135' title='bbox 1218 2690 1286 2767; x_wconf 92' lang='lat' dir='ltr'>plns</span> <span class='ocrx_word' id='word_1_136' title='bbox 1301 2707 1366 2748; x_wconf 93' lang='lat' dir='ltr'>cen·</span> 
     </span>
     <span class='ocr_line' id='line_1_15' title="bbox 251 2797 1364 2877; baseline 0.002 -22"><span class='ocrx_word' id='word_1_137' title='bbox 251 2803 316 2855; x_wconf 88' lang='lat' dir='ltr'>tum</span> <span class='ocrx_word' id='word_1_138' title='bbox 337 2800 355 2855; x_wconf 74' lang='lat' dir='ltr'>a</span> <span class='ocrx_word' id='word_1_139' title='bbox 375 2797 485 2870; x_wconf 90' lang='lat' dir='ltr'>littore,</span> <span class='ocrx_word' id='word_1_140' title='bbox 501 2803 615 2874; x_wconf 88' lang='lat' dir='ltr'>septem</span> <span class='ocrx_word' id='word_1_141' title='bbox 637 2799 769 2857; x_wconf 81' lang='lat' dir='ltr'>extraxit</span> <span class='ocrx_word' id='word_1_142' title='bbox 790 2799 882 2859; x_wconf 88' lang='lat' dir='ltr'>Pater</span> <span class='ocrx_word' id='word_1_143' title='bbox 903 2800 1056 2877; x_wconf 87' lang='lat' dir='ltr'>Josephus</span> <span class='ocrx_word' id='word_1_144' title='bbox 1079 2801 1220 2877; x_wconf 86' lang='lat' dir='ltr'>Oarbery,</span> <span class='ocrx_word' id='word_1_145' title='bbox 1237 2800 1276 2858; x_wconf 87' lang='lat' dir='ltr'>ad</span> <span class='ocrx_word' id='word_1_146' title='bbox 1298 2817 1364 2875; x_wconf 85' lang='lat' dir='ltr'>qnae</span> 
     </span>
     <span class='ocr_line' id='line_1_16' title="bbox 251 2906 1443 2986; baseline 0.003 -22"><span class='ocrx_word' id='word_1_147' title='bbox 251 2906 366 2965; x_wconf 86' lang='lat' dir='ltr'>facilior</span> <span class='ocrx_word' id='word_1_148' title='bbox 380 2908 505 2983; x_wconf 86' lang='lat' dir='ltr'>potebat</span> <span class='ocrx_word' id='word_1_149' title='bbox 520 2925 664 2980; x_wconf 71' lang='lat' dir='ltr'>accessus</span> <span class='ocrx_word' id='word_1_150' title='bbox 681 2909 817 2986; x_wconf 81' lang='lat' dir='ltr'>quamvis</span> <span class='ocrx_word' id='word_1_151' title='bbox 837 2928 929 2968; x_wconf 92' lang='lat' dir='ltr'>unum</span> <span class='ocrx_word' id='word_1_152' title='bbox 943 2911 990 2969; x_wconf 86' lang='lat' dir='ltr'>vel</span> <span class='ocrx_word' id='word_1_153' title='bbox 1010 2912 1138 2970; x_wconf 90' lang='lat' dir='ltr'>alterum</span> <span class='ocrx_word' id='word_1_154' title='bbox 1152 2911 1183 2968; x_wconf 90' lang='lat' dir='ltr'>in</span> <span class='ocrx_word' id='word_1_155' title='bbox 1203 2910 1364 2970; x_wconf 89' lang='lat' dir='ltr'>altitudine</span> <span class='ocrx_word' id='word_1_156' title='bbox 1441 2920 1443 2922; x_wconf 78' lang='grc'>’</span> 
     </span>
     <span class='ocr_line' id='line_1_17' title="bbox 252 3015 1364 3097; baseline 0.002 -22"><span class='ocrx_word' id='word_1_157' title='bbox 252 3020 299 3075; x_wconf 79' lang='lat'>20.</span> <span class='ocrx_word' id='word_1_158' title='bbox 315 3016 426 3092; x_wconf 89' lang='lat' dir='ltr'>pedum</span> <span class='ocrx_word' id='word_1_159' title='bbox 436 3018 560 3091; x_wconf 87' lang='lat' dir='ltr'>jaceret.</span> <span class='ocrx_word' id='word_1_160' title='bbox 608 3015 641 3078; x_wconf 85' lang='lat' dir='ltr'>Si</span> <span class='ocrx_word' id='word_1_161' title='bbox 656 3017 686 3075; x_wconf 91' lang='lat' dir='ltr'>in</span> <span class='ocrx_word' id='word_1_162' title='bbox 702 3036 761 3075; x_wconf 93' lang='lat' dir='ltr'>uno</span> <span class='ocrx_word' id='word_1_163' title='bbox 777 3018 872 3076; x_wconf 90' lang='lat' dir='ltr'>solnm</span> <span class='ocrx_word' id='word_1_164' title='bbox 887 3019 961 3092; x_wconf 93' lang='lat' dir='ltr'>loco,</span> <span class='ocrx_word' id='word_1_165' title='bbox 975 3021 1086 3080; x_wconf 84' lang='lat' dir='ltr'>invasit</span> <span class='ocrx_word' id='word_1_166' title='bbox 1101 3038 1181 3097; x_wconf 90' lang='lat' dir='ltr'>aqua</span> <span class='ocrx_word' id='word_1_167' title='bbox 1194 3026 1241 3079; x_wconf 92' lang='lat' dir='ltr'>tot</span> <span class='ocrx_word' id='word_1_168' title='bbox 1255 3037 1364 3096; x_wconf 86' lang='lat' dir='ltr'>orgyas</span> 
     </span>
     <span class='ocr_line' id='line_1_18' title="bbox 251 3129 1362 3204; baseline 0.002 -17"><span class='ocrx_word' id='word_1_169' title='bbox 251 3135 338 3188; x_wconf 84' lang='lat' dir='ltr'>tcrrae</span> <span class='ocrx_word' id='word_1_170' title='bbox 367 3129 466 3200; x_wconf 82' lang='lat' dir='ltr'>firmoe,</span> <span class='ocrx_word' id='word_1_171' title='bbox 492 3129 597 3204; x_wconf 91' lang='lat' dir='ltr'>quidni</span> <span class='ocrx_word' id='word_1_172' title='bbox 626 3129 705 3187; x_wconf 72' lang='lat' dir='ltr'>circla</span> <span class='ocrx_word' id='word_1_173' title='bbox 733 3131 870 3191; x_wconf 83' lang='lat' dir='ltr'>Heron’s</span> <span class='ocrx_word' id='word_1_174' title='bbox 893 3131 1008 3190; x_wconf 69' lang='lat' dir='ltr'>leland</span> <span class='ocrx_word' id='word_1_175' title='bbox 1033 3132 1072 3190; x_wconf 89' lang='lat' dir='ltr'>od</span> <span class='ocrx_word' id='word_1_176' title='bbox 1098 3131 1129 3191; x_wconf 87' lang='lat' dir='ltr'>S.</span> <span class='ocrx_word' id='word_1_177' title='bbox 1154 3129 1362 3193; x_wconf 77' lang='lat' dir='ltr'>Clementem?</span> 
     </span>
     <span class='ocr_line' id='line_1_19' title="bbox 252 3238 1363 3316; baseline 0.002 -20"><span class='ocrx_word' id='word_1_178' title='bbox 252 3239 366 3314; x_wconf 76' lang='lat' dir='ltr'>Quidni</span> <span class='ocrx_word' id='word_1_179' title='bbox 387 3238 466 3296; x_wconf 76' lang='lat' dir='ltr'>circla</span> <span class='ocrx_word' id='word_1_180' title='bbox 490 3240 592 3316; x_wconf 83' lang='lat' dir='ltr'>l&#39;z&#39;ney</span> <span class='ocrx_word' id='word_1_181' title='bbox 608 3241 707 3315; x_wconf 85' lang='lat' dir='ltr'>point,</span> <span class='ocrx_word' id='word_1_182' title='bbox 731 3246 762 3298; x_wconf 90' lang='lat' dir='ltr'>et</span> <span class='ocrx_word' id='word_1_183' title='bbox 782 3241 916 3299; x_wconf 88' lang='lat' dir='ltr'>canalem</span> <span class='ocrx_word' id='word_1_184' title='bbox 939 3242 1017 3300; x_wconf 92' lang='lat' dir='ltr'>inter</span> <span class='ocrx_word' id='word_1_185' title='bbox 1037 3243 1165 3300; x_wconf 89' lang='lat' dir='ltr'>insulam</span> <span class='ocrx_word' id='word_1_186' title='bbox 1186 3242 1363 3300; x_wconf 88' lang='lat' dir='ltr'>hodiernam</span> 
     </span>
    </p>
   </div>
   <div class='ocr_carea' id='block_1_7' title="bbox 154 3349 1366 3531">
    <p class='ocr_par' dir='ltr' id='par_1_7' title="bbox 154 3349 1366 3531">
     <span class='ocr_line' id='line_1_20' title="bbox 154 3349 1366 3430; baseline -0.001 -20"><span class='ocrx_word' id='word_1_187' title='bbox 154 3352 156 3356; x_wconf 84' lang='grc'><strong>’</strong></span> <span class='ocrx_word' id='word_1_188' title='bbox 252 3349 300 3410; x_wconf 70' lang='lat' dir='ltr'>gn.</span> <span class='ocrx_word' id='word_1_189' title='bbox 322 3350 454 3426; x_wconf 80' lang='lat' dir='ltr'>Georgii,</span> <span class='ocrx_word' id='word_1_190' title='bbox 477 3355 633 3430; x_wconf 90' lang='lat' dir='ltr'>totumquo</span> <span class='ocrx_word' id='word_1_191' title='bbox 655 3350 739 3409; x_wconf 90' lang='lat' dir='ltr'>littus</span> <span class='ocrx_word' id='word_1_192' title='bbox 761 3369 855 3429; x_wconf 85' lang='lat' dir='ltr'>usque</span> <span class='ocrx_word' id='word_1_193' title='bbox 878 3352 917 3410; x_wconf 90' lang='lat' dir='ltr'>ad</span> <span class='ocrx_word' id='word_1_194' title='bbox 943 3352 1064 3428; x_wconf 79' lang='lat' dir='ltr'>Cherry</span> <span class='ocrx_word' id='word_1_195' title='bbox 1080 3354 1181 3430; x_wconf 80' lang='lat' dir='ltr'>point,</span> <span class='ocrx_word' id='word_1_196' title='bbox 1205 3351 1366 3428; x_wconf 89' lang='lat' dir='ltr'>amplifico-</span> 
     </span>
     <span class='ocr_line' id='line_1_21' title="bbox 250 3458 1365 3531; baseline -0.002 -12"><span class='ocrx_word' id='word_1_197' title='bbox 250 3461 331 3519; x_wconf 87' lang='lat' dir='ltr'>tione</span> <span class='ocrx_word' id='word_1_198' title='bbox 350 3458 493 3531; x_wconf 86' lang='lat' dir='ltr'>littorum,</span> <span class='ocrx_word' id='word_1_199' title='bbox 509 3477 547 3520; x_wconf 81' lang='lat' dir='ltr'>ex</span> <span class='ocrx_word' id='word_1_200' title='bbox 562 3459 644 3516; x_wconf 90' lang='lat' dir='ltr'>humi</span> <span class='ocrx_word' id='word_1_201' title='bbox 659 3459 781 3518; x_wconf 77' lang='lat' dir='ltr'>aliunde</span> <span class='ocrx_word' id='word_1_202' title='bbox 802 3460 913 3519; x_wconf 88' lang='lat' dir='ltr'>corrosi</span> <span class='ocrx_word' id='word_1_203' title='bbox 935 3479 1063 3520; x_wconf 87' lang='lat' dir='ltr'>accessu.</span> <span class='ocrx_word' id='word_1_204' title='bbox 1108 3462 1201 3520; x_wconf 80' lang='lat' dir='ltr'>Forte</span> <span class='ocrx_word' id='word_1_205' title='bbox 1222 3460 1278 3520; x_wconf 92' lang='lat' dir='ltr'>hoc</span> <span class='ocrx_word' id='word_1_206' title='bbox 1291 3467 1365 3520; x_wconf 91' lang='lat' dir='ltr'>tem-</span> 
     </span>
    </p>
   </div>
   <div class='ocr_carea' id='block_1_8' title="bbox 249 3569 1364 4638">
    <p class='ocr_par' dir='ltr' id='par_1_8' title="bbox 249 3569 1364 4638">
     <span class='ocr_line' id='line_1_22' title="bbox 251 3569 1364 3648; baseline 0.002 -20"><span class='ocrx_word' id='word_1_207' title='bbox 251 3588 331 3646; x_wconf 91' lang='lat' dir='ltr'>poro,</span> <span class='ocrx_word' id='word_1_208' title='bbox 344 3569 453 3628; x_wconf 90' lang='lat' dir='ltr'>ostium</span> <span class='ocrx_word' id='word_1_209' title='bbox 468 3571 566 3641; x_wconf 72' lang='lat' dir='ltr'>sione,</span> <span class='ocrx_word' id='word_1_210' title='bbox 583 3587 671 3646; x_wconf 87' lang='lat' dir='ltr'>quem</span> <span class='ocrx_word' id='word_1_211' title='bbox 686 3571 814 3647; x_wconf 86' lang='lat' dir='ltr'>scriptor</span> <span class='ocrx_word' id='word_1_212' title='bbox 827 3577 916 3629; x_wconf 82' lang='lat' dir='ltr'>vocat</span> <span class='ocrx_word' id='word_1_213' title='bbox 933 3571 980 3632; x_wconf 61' lang='grc' dir='ltr'>ΕΗ·</span> <span class='ocrx_word' id='word_1_214' title='bbox 994 3573 1131 3648; x_wconf 78' lang='lat' dir='ltr'>Georpit,</span> <span class='ocrx_word' id='word_1_215' title='bbox 1145 3572 1261 3630; x_wconf 83' lang='lat' dir='ltr'>aditum</span> <span class='ocrx_word' id='word_1_216' title='bbox 1275 3572 1364 3630; x_wconf 86' lang='lat' dir='ltr'>habe-</span> 
     </span>
     <span class='ocr_line' id='line_1_23' title="bbox 250 3677 1363 3758; baseline 0.002 -22"><span class='ocrx_word' id='word_1_217' title='bbox 250 3680 304 3737; x_wconf 86' lang='lat' dir='ltr'>bat</span> <span class='ocrx_word' id='word_1_218' title='bbox 325 3677 427 3736; x_wconf 87' lang='lat' dir='ltr'>statim</span> <span class='ocrx_word' id='word_1_219' title='bbox 448 3679 466 3741; x_wconf 68' lang='lat' dir='ltr'>it</span> <span class='ocrx_word' id='word_1_220' title='bbox 489 3677 590 3755; x_wconf 75' lang='lat' dir='ltr'>Piuey</span> <span class='ocrx_word' id='word_1_221' title='bbox 605 3678 707 3750; x_wconf 83' lang='lat' dir='ltr'>Poiot,</span> <span class='ocrx_word' id='word_1_222' title='bbox 724 3685 754 3737; x_wconf 87' lang='lat' dir='ltr'>et</span> <span class='ocrx_word' id='word_1_223' title='bbox 775 3679 888 3738; x_wconf 86' lang='lat' dir='ltr'>canolis</span> <span class='ocrx_word' id='word_1_224' title='bbox 910 3680 1007 3738; x_wconf 88' lang='lat' dir='ltr'>dictus</span> <span class='ocrx_word' id='word_1_225' title='bbox 1029 3699 1128 3756; x_wconf 86' lang='lat' dir='ltr'>supro,</span> <span class='ocrx_word' id='word_1_226' title='bbox 1144 3699 1223 3740; x_wconf 92' lang='lat' dir='ltr'>nnnc</span> <span class='ocrx_word' id='word_1_227' title='bbox 1245 3682 1363 3758; x_wconf 82' lang='lat' dir='ltr'>magnis</span> 
     </span>
     <span class='ocr_line' id='line_1_24' title="bbox 250 3787 1360 3866; baseline 0.002 -20"><span class='ocrx_word' id='word_1_228' title='bbox 250 3789 376 3847; x_wconf 84' lang='lat' dir='ltr'>navibus</span> <span class='ocrx_word' id='word_1_229' title='bbox 390 3787 559 3865; x_wconf 70' lang='lat' dir='ltr'>impervius</span> <span class='ocrx_word' id='word_1_230' title='bbox 574 3787 610 3844; x_wconf 90' lang='lat' dir='ltr'>iis</span> <span class='ocrx_word' id='word_1_231' title='bbox 624 3789 757 3863; x_wconf 86' lang='lat' dir='ltr'>patebat.</span> <span class='ocrx_word' id='word_1_232' title='bbox 801 3789 918 3848; x_wconf 86' lang='lat' dir='ltr'>Militat</span> <span class='ocrx_word' id='word_1_233' title='bbox 932 3807 987 3866; x_wconf 90' lang='lat' dir='ltr'>pro</span> <span class='ocrx_word' id='word_1_234' title='bbox 1001 3790 1058 3848; x_wconf 86' lang='lat' dir='ltr'>hac</span> <span class='ocrx_word' id='word_1_235' title='bbox 1079 3791 1235 3866; x_wconf 80' lang='lat' dir='ltr'>hypothesi</span> <span class='ocrx_word' id='word_1_236' title='bbox 1252 3809 1360 3849; x_wconf 87' lang='lat' dir='ltr'>nomen</span> 
     </span>
     <span class='ocr_line' id='line_1_25' title="bbox 252 3886 1362 3978; baseline -0.002 -18"><span class='ocrx_word' id='word_1_237' title='bbox 252 3899 299 3960; x_wconf 73' lang='lat' dir='ltr'>Su.</span> <span class='ocrx_word' id='word_1_238' title='bbox 316 3899 440 3976; x_wconf 83' lang='lat' dir='ltr'>Georgii</span> <span class='ocrx_word' id='word_1_239' title='bbox 462 3897 543 3978; x_wconf 84' lang='lat' dir='ltr'>quod</span> <span class='ocrx_word' id='word_1_240' title='bbox 564 3886 726 3958; x_wconf 73' lang='lat' dir='ltr'>hodiedum</span> <span class='ocrx_word' id='word_1_241' title='bbox 747 3900 805 3959; x_wconf 86' lang='lat' dir='ltr'>fert</span> <span class='ocrx_word' id='word_1_242' title='bbox 826 3900 922 3958; x_wconf 88' lang='lat' dir='ltr'>minor</span> <span class='ocrx_word' id='word_1_243' title='bbox 943 3899 993 3958; x_wconf 90' lang='lat' dir='ltr'>ille</span> <span class='ocrx_word' id='word_1_244' title='bbox 1011 3900 1101 3972; x_wconf 88' lang='lat' dir='ltr'>sinus,</span> <span class='ocrx_word' id='word_1_245' title='bbox 1122 3901 1173 3976; x_wconf 88' lang='lat' dir='ltr'>qui</span> <span class='ocrx_word' id='word_1_246' title='bbox 1194 3901 1307 3976; x_wconf 89' lang='lat' dir='ltr'>primus</span> <span class='ocrx_word' id='word_1_247' title='bbox 1323 3900 1362 3958; x_wconf 88' lang='lat' dir='ltr'>ad</span> 
     </span>
     <span class='ocr_line' id='line_1_26' title="bbox 250 4007 1315 4086; baseline 0 -19"><span class='ocrx_word' id='word_1_248' title='bbox 250 4011 355 4068; x_wconf 86' lang='lat' dir='ltr'>laevam</span> <span class='ocrx_word' id='word_1_249' title='bbox 377 4009 479 4084; x_wconf 80' lang='lat' dir='ltr'>Piney</span> <span class='ocrx_word' id='word_1_250' title='bbox 496 4009 587 4084; x_wconf 82' lang='lat' dir='ltr'>point</span> <span class='ocrx_word' id='word_1_251' title='bbox 612 4007 750 4079; x_wconf 89' lang='lat' dir='ltr'>occurrit,</span> <span class='ocrx_word' id='word_1_252' title='bbox 773 4010 837 4067; x_wconf 81' lang='lat' dir='ltr'>tirm</span> <span class='ocrx_word' id='word_1_253' title='bbox 860 4009 974 4067; x_wconf 86' lang='lat' dir='ltr'>canalis</span> <span class='ocrx_word' id='word_1_254' title='bbox 996 4009 1033 4068; x_wconf 90' lang='lat' dir='ltr'>de</span> <span class='ocrx_word' id='word_1_255' title='bbox 1059 4027 1118 4086; x_wconf 89' lang='lat' dir='ltr'>quo</span> <span class='ocrx_word' id='word_1_256' title='bbox 1140 4012 1238 4086; x_wconf 72' lang='lat' dir='ltr'>supra.</span> <span class='ocrx_word' id='word_1_257' title='bbox 1311 4021 1315 4030; x_wconf 91' lang='grc'><strong>“</strong></span> 
     </span>
     <span class='ocr_line' id='line_1_27' title="bbox 293 4117 1364 4195; baseline -0.002 -17"><span class='ocrx_word' id='word_1_258' title='bbox 293 4119 374 4178; x_wconf 90' lang='lat' dir='ltr'>Hinc</span> <span class='ocrx_word' id='word_1_259' title='bbox 385 4119 515 4180; x_wconf 84' lang='lat' dir='ltr'>intratur</span> <span class='ocrx_word' id='word_1_260' title='bbox 527 4118 557 4175; x_wconf 93' lang='lat' dir='ltr'>in</span> <span class='ocrx_word' id='word_1_261' title='bbox 572 4117 669 4176; x_wconf 88' lang='lat' dir='ltr'>sinum</span> <span class='ocrx_word' id='word_1_262' title='bbox 684 4119 825 4193; x_wconf 87' lang='lat' dir='ltr'>majorem</span> <span class='ocrx_word' id='word_1_263' title='bbox 840 4137 928 4194; x_wconf 90' lang='lat' dir='ltr'>quem</span> <span class='ocrx_word' id='word_1_264' title='bbox 940 4119 1099 4195; x_wconf 82' lang='lat' dir='ltr'>peregrini,</span> <span class='ocrx_word' id='word_1_265' title='bbox 1113 4119 1203 4178; x_wconf 86' lang='lat' dir='ltr'>etiam</span> <span class='ocrx_word' id='word_1_266' title='bbox 1214 4117 1262 4178; x_wconf 72' lang='lat'>8¹¹·</span> <span class='ocrx_word' id='word_1_267' title='bbox 1272 4120 1364 4179; x_wconf 83' lang='lat' dir='ltr'>Geor·</span> 
     </span>
     <span class='ocr_line' id='line_1_28' title="bbox 250 4228 1362 4307; baseline 0.002 -21"><span class='ocrx_word' id='word_1_268' title='bbox 250 4230 293 4306; x_wconf 80' lang='lat' dir='ltr'>gii</span> <span class='ocrx_word' id='word_1_269' title='bbox 308 4229 419 4301; x_wconf 80' lang='lat' dir='ltr'>dixere,</span> <span class='ocrx_word' id='word_1_270' title='bbox 432 4229 484 4286; x_wconf 87' lang='lat' dir='ltr'>sed</span> <span class='ocrx_word' id='word_1_271' title='bbox 500 4229 560 4304; x_wconf 91' lang='lat' dir='ltr'>qni,</span> <span class='ocrx_word' id='word_1_272' title='bbox 573 4234 689 4288; x_wconf 88' lang='lat' dir='ltr'>mutato</span> <span class='ocrx_word' id='word_1_273' title='bbox 705 4247 783 4287; x_wconf 90' lang='lat' dir='ltr'>nnnc</span> <span class='ocrx_word' id='word_1_274' title='bbox 798 4229 926 4302; x_wconf 88' lang='lat' dir='ltr'>nomine,</span> <span class='ocrx_word' id='word_1_275' title='bbox 940 4230 1050 4288; x_wconf 90' lang='lat' dir='ltr'>dicitur</span> <span class='ocrx_word' id='word_1_276' title='bbox 1067 4228 1127 4291; x_wconf 69' lang='lat' dir='ltr'>S&#39;oe·</span> <span class='ocrx_word' id='word_1_277' title='bbox 1142 4231 1265 4302; x_wconf 80' lang='lat' dir='ltr'>Mariae,</span> <span class='ocrx_word' id='word_1_278' title='bbox 1278 4232 1362 4307; x_wconf 75' lang='lat' dir='ltr'>aque</span> 
     </span>
     <span class='ocr_line' id='line_1_29' title="bbox 250 4336 1362 4414; baseline -0.002 -18"><span class='ocrx_word' id='word_1_279' title='bbox 250 4357 285 4396; x_wconf 85' lang='lat' dir='ltr'>ac</span> <span class='ocrx_word' id='word_1_280' title='bbox 300 4339 381 4396; x_wconf 86' lang='lat' dir='ltr'>sinus</span> <span class='ocrx_word' id='word_1_281' title='bbox 397 4337 455 4396; x_wconf 61' lang='lat' dir='ltr'>S‘ae·</span> <span class='ocrx_word' id='word_1_282' title='bbox 469 4336 576 4396; x_wconf 83' lang='lat' dir='ltr'>Mariae</span> <span class='ocrx_word' id='word_1_283' title='bbox 591 4336 714 4396; x_wconf 86' lang='lat' dir='ltr'>interior</span> <span class='ocrx_word' id='word_1_284' title='bbox 729 4356 831 4396; x_wconf 83' lang='lat' dir='ltr'>versus</span> <span class='ocrx_word' id='word_1_285' title='bbox 847 4338 1026 4414; x_wconf 89' lang='lat' dir='ltr'>aquilonem,</span> <span class='ocrx_word' id='word_1_286' title='bbox 1043 4344 1073 4397; x_wconf 90' lang='lat' dir='ltr'>ct</span> <span class='ocrx_word' id='word_1_287' title='bbox 1088 4338 1167 4397; x_wconf 76' lang='lat' dir='ltr'>ultra</span> <span class='ocrx_word' id='word_1_288' title='bbox 1183 4337 1231 4397; x_wconf 66' lang='lat' dir='ltr'>S‘l·</span> <span class='ocrx_word' id='word_1_289' title='bbox 1246 4338 1362 4414; x_wconf 84' lang='lat' dir='ltr'>Ignatii</span> 
     </span>
     <span class='ocr_line' id='line_1_30' title="bbox 249 4445 1361 4525; baseline 0 -19"><span class='ocrx_word' id='word_1_290' title='bbox 249 4449 367 4506; x_wconf 84' lang='lat' dir='ltr'>fretum.</span> <span class='ocrx_word' id='word_1_291' title='bbox 413 4446 494 4523; x_wconf 74' lang='lat' dir='ltr'>Quid</span> <span class='ocrx_word' id='word_1_292' title='bbox 510 4447 638 4522; x_wconf 86' lang='lat' dir='ltr'>insuper,</span> <span class='ocrx_word' id='word_1_293' title='bbox 655 4447 679 4505; x_wconf 89' lang='lat' dir='ltr'>si</span> <span class='ocrx_word' id='word_1_294' title='bbox 694 4448 840 4506; x_wconf 87' lang='lat' dir='ltr'>hodierna</span> <span class='ocrx_word' id='word_1_295' title='bbox 854 4448 952 4507; x_wconf 85' lang='lat' dir='ltr'>insula</span> <span class='ocrx_word' id='word_1_296' title='bbox 968 4445 1015 4506; x_wconf 64' lang='lat' dir='ltr'>SU-</span> <span class='ocrx_word' id='word_1_297' title='bbox 1027 4448 1159 4524; x_wconf 78' lang='lat' dir='ltr'>Georgii,</span> <span class='ocrx_word' id='word_1_298' title='bbox 1175 4466 1276 4525; x_wconf 85' lang='lat' dir='ltr'>parva,</span> <span class='ocrx_word' id='word_1_299' title='bbox 1289 4453 1361 4506; x_wconf 88' lang='lat' dir='ltr'>tunc</span> 
     </span>
     <span class='ocr_line' id='line_1_31' title="bbox 249 4555 1362 4638; baseline -0.002 -22"><span class='ocrx_word' id='word_1_300' title='bbox 249 4555 391 4632; x_wconf 90' lang='lat' dir='ltr'>temporis</span> <span class='ocrx_word' id='word_1_301' title='bbox 414 4555 512 4627; x_wconf 86' lang='lat' dir='ltr'>fuerit,</span> <span class='ocrx_word' id='word_1_302' title='bbox 537 4574 603 4631; x_wconf 85' lang='lat' dir='ltr'>quae</span> <span class='ocrx_word' id='word_1_303' title='bbox 628 4562 755 4638; x_wconf 81' lang='lat' dir='ltr'>aggestu</span> <span class='ocrx_word' id='word_1_304' title='bbox 779 4557 843 4615; x_wconf 90' lang='lat' dir='ltr'>limi</span> <span class='ocrx_word' id='word_1_305' title='bbox 866 4558 959 4616; x_wconf 86' lang='lat' dir='ltr'>crevit</span> <span class='ocrx_word' id='word_1_306' title='bbox 982 4564 1012 4617; x_wconf 93' lang='lat' dir='ltr'>et</span> <span class='ocrx_word' id='word_1_307' title='bbox 1037 4576 1203 4619; x_wconf 86' lang='lat' dir='ltr'>arenarum.</span> <span class='ocrx_word' id='word_1_308' title='bbox 1250 4559 1287 4616; x_wconf 91' lang='lat' dir='ltr'>Iu</span> <span class='ocrx_word' id='word_1_309' title='bbox 1310 4557 1362 4615; x_wconf 80' lang='lat' dir='ltr'>illo.</span> 
     </span>
    </p>
   </div>
   <div class='ocr_carea' id='block_1_9' title="bbox 0 0 1618 5556">
    <p class='ocr_par' dir='ltr' id='par_1_9' title="bbox 0 0 1618 5556">
     <span class='ocr_line' id='line_1_32' title="bbox 0 0 1618 5556; baseline 0 1"><span class='ocrx_word' id='word_1_310' title='bbox 0 0 1618 5556; x_wconf 95' lang='lat' dir='ltr'> </span> 
     </span>
    </p>
   </div>
  </div>
 </body>
</html>
