<?xml version="1.0" encoding="UTF-8"?>
<!DOCTYPE html PUBLIC "-//W3C//DTD XHTML 1.0 Transitional//EN"
    "http://www.w3.org/TR/xhtml1/DTD/xhtml1-transitional.dtd">
<html xmlns="http://www.w3.org/1999/xhtml" xml:lang="en" lang="en">
 <head>
  <title>
</title>
<meta http-equiv="Content-Type" content="text/html;charset=utf-8" />
  <meta name='ocr-system' content='tesseract 3.04.00' />
  <meta name='ocr-capabilities' content='ocr_page ocr_carea ocr_par ocr_line ocrx_word'/>
</head>
<body>
  <div class='ocr_page' id='page_1' title='image "./relatioitineris01dalrgoog_0063.png"; bbox 0 0 3198 5562; ppageno 0'>
   <div class='ocr_carea' id='block_1_1' title="bbox 805 562 856 636">
    <p class='ocr_par' dir='ltr' id='par_1_1' title="bbox 805 562 856 636">
     <span class='ocr_line' id='line_1_1' title="bbox 805 562 856 636; baseline 0 0"><span class='ocrx_word' id='word_1_1' title='bbox 805 562 856 636; x_wconf 87' lang='lat'>33</span> 
     </span>
    </p>
   </div>
   <div class='ocr_carea' id='block_1_2' title="bbox 173 751 1391 3982">
    <p class='ocr_par' dir='ltr' id='par_1_2' title="bbox 173 751 1391 1783">
     <span class='ocr_line' id='line_1_2' title="bbox 275 751 1391 878; baseline 0.004 -30"><span class='ocrx_word' id='word_1_2' title='bbox 275 770 406 850; x_wconf 72' lang='lat' dir='ltr'>insulis</span> <span class='ocrx_word' id='word_1_3' title='bbox 440 774 654 864; x_wconf 86' lang='lat' dir='ltr'>litavimus.</span> <span class='ocrx_word' id='word_1_4' title='bbox 685 775 727 850; x_wconf 92' lang='lat' dir='ltr'>in</span> <span class='ocrx_word' id='word_1_5' title='bbox 762 775 834 852; x_wconf 82' lang='lat' dir='ltr'>hac</span> <span class='ocrx_word' id='word_1_6' title='bbox 865 776 951 854; x_wconf 77' lang='lat' dir='ltr'>cali</span> <span class='ocrx_word' id='word_1_7' title='bbox 985 777 1143 878; x_wconf 82' lang='lat' dir='ltr'>regione</span> <span class='ocrx_word' id='word_1_8' title='bbox 1186 751 1391 877; x_wconf 71' lang='lat' dir='ltr'>nunquam</span> 
     </span>
     <span class='ocr_line' id='line_1_3' title="bbox 276 905 1389 1006; baseline 0.003 -28"><span class='ocrx_word' id='word_1_9' title='bbox 276 905 390 980; x_wconf 75' lang='lat' dir='ltr'>antea</span> <span class='ocrx_word' id='word_1_10' title='bbox 432 905 472 981; x_wconf 90' lang='lat' dir='ltr'>id</span> <span class='ocrx_word' id='word_1_11' title='bbox 514 905 672 982; x_wconf 85' lang='lat' dir='ltr'>factum.</span> <span class='ocrx_word' id='word_1_12' title='bbox 716 905 903 982; x_wconf 89' lang='lat' dir='ltr'>sacrificio</span> <span class='ocrx_word' id='word_1_13' title='bbox 941 915 1109 1006; x_wconf 88' lang='lat' dir='ltr'>peracto,</span> <span class='ocrx_word' id='word_1_14' title='bbox 1155 909 1312 984; x_wconf 80' lang='lat' dir='ltr'>sublata</span> <span class='ocrx_word' id='word_1_15' title='bbox 1346 907 1389 982; x_wconf 92' lang='lat' dir='ltr'>in</span> 
     </span>
     <span class='ocr_line' id='line_1_4' title="bbox 275 1033 1388 1134; baseline 0.003 -25"><span class='ocrx_word' id='word_1_16' title='bbox 275 1035 458 1110; x_wconf 84' lang='lat' dir='ltr'><strong>humeros</strong></span> <span class='ocrx_word' id='word_1_17' title='bbox 484 1033 634 1133; x_wconf 82' lang='lat' dir='ltr'>ingenti</span> <span class='ocrx_word' id='word_1_18' title='bbox 660 1059 771 1110; x_wconf 89' lang='lat' dir='ltr'>cruce</span> <span class='ocrx_word' id='word_1_19' title='bbox 798 1061 916 1134; x_wconf 88' lang='lat' dir='ltr'>quam</span> <span class='ocrx_word' id='word_1_20' title='bbox 944 1061 991 1112; x_wconf 87' lang='lat' dir='ltr'>ex</span> <span class='ocrx_word' id='word_1_21' title='bbox 1017 1039 1155 1113; x_wconf 90' lang='lat' dir='ltr'>arbore</span> <span class='ocrx_word' id='word_1_22' title='bbox 1182 1039 1388 1114; x_wconf 87' lang='lat' dir='ltr'>dedolave·</span> 
     </span>
     <span class='ocr_line' id='line_1_5' title="bbox 274 1165 1387 1266; baseline -0.001 -25"><span class='ocrx_word' id='word_1_23' title='bbox 274 1191 421 1259; x_wconf 87' lang='lat' dir='ltr'>ramus,</span> <span class='ocrx_word' id='word_1_24' title='bbox 448 1167 498 1240; x_wconf 88' lang='lat' dir='ltr'>ad</span> <span class='ocrx_word' id='word_1_25' title='bbox 524 1165 652 1240; x_wconf 90' lang='lat' dir='ltr'>locum</span> <span class='ocrx_word' id='word_1_26' title='bbox 680 1165 927 1264; x_wconf 85' lang='lat' dir='ltr'>designatum</span> <span class='ocrx_word' id='word_1_27' title='bbox 958 1166 1094 1244; x_wconf 84' lang='lat' dir='ltr'>ordine</span> <span class='ocrx_word' id='word_1_28' title='bbox 1123 1170 1387 1266; x_wconf 85' lang='lat' dir='ltr'>procedentes,</span> 
     </span>
     <span class='ocr_line' id='line_1_6' title="bbox 276 1291 1388 1394; baseline -0.002 -24"><span class='ocrx_word' id='word_1_29' title='bbox 276 1295 464 1370; x_wconf 81' lang='lat' dir='ltr'>Praefecto</span> <span class='ocrx_word' id='word_1_30' title='bbox 507 1300 546 1370; x_wconf 91' lang='lat' dir='ltr'>et</span> <span class='ocrx_word' id='word_1_31' title='bbox 587 1291 864 1368; x_wconf 83' lang='lat' dir='ltr'>commissoriis</span> <span class='ocrx_word' id='word_1_32' title='bbox 915 1293 1129 1394; x_wconf 86' lang='lat' dir='ltr'>ceterisque</span> <span class='ocrx_word' id='word_1_33' title='bbox 1177 1293 1388 1370; x_wconf 79' lang='lat' dir='ltr'>Catholicis</span> 
     </span>
     <span class='ocr_line' id='line_1_7' title="bbox 173 1409 1386 1522; baseline -0.002 -24"><span class='ocrx_word' id='word_1_34' title='bbox 173 1409 177 1420; x_wconf 46' lang='grc'><strong>“</strong></span> <span class='ocrx_word' id='word_1_35' title='bbox 276 1421 565 1521; x_wconf 86' lang='lat' dir='ltr'>adjuvantibus,</span> <span class='ocrx_word' id='word_1_36' title='bbox 593 1421 1011 1522; x_wconf 27' lang='lat' dir='ltr'>TrophaeumflChristo</span> <span class='ocrx_word' id='word_1_37' title='bbox 1046 1423 1235 1500; x_wconf 80' lang='lat' dir='ltr'>salvatori</span> <span class='ocrx_word' id='word_1_38' title='bbox 1265 1422 1386 1500; x_wconf 85' lang='lat' dir='ltr'>erexi·</span> 
     </span>
     <span class='ocr_line' id='line_1_8' title="bbox 275 1549 1387 1646; baseline -0.002 -18"><span class='ocrx_word' id='word_1_39' title='bbox 275 1565 375 1646; x_wconf 70' lang='lat' dir='ltr'>mue,</span> <span class='ocrx_word' id='word_1_40' title='bbox 427 1549 575 1626; x_wconf 87' lang='lat' dir='ltr'>litaniis</span> <span class='ocrx_word' id='word_1_41' title='bbox 627 1557 770 1626; x_wconf 87' lang='lat' dir='ltr'>sanctae</span> <span class='ocrx_word' id='word_1_42' title='bbox 822 1550 968 1646; x_wconf 75' lang='lat' dir='ltr'>Crucis,</span> <span class='ocrx_word' id='word_1_43' title='bbox 1021 1550 1225 1628; x_wconf 78' lang='lat' dir='ltr'>humiliter</span> <span class='ocrx_word' id='word_1_44' title='bbox 1276 1551 1387 1626; x_wconf 84' lang='lat' dir='ltr'>flexis</span> 
     </span>
     <span class='ocr_line' id='line_1_9' title="bbox 274 1673 1386 1783; baseline -0.003 -24"><span class='ocrx_word' id='word_1_45' title='bbox 274 1673 452 1783; x_wconf 87' lang='lat' dir='ltr'>genibus,</span> <span class='ocrx_word' id='word_1_46' title='bbox 480 1683 623 1780; x_wconf 73' lang='lat' dir='ltr'>magna</span> <span class='ocrx_word' id='word_1_47' title='bbox 654 1681 874 1757; x_wconf 89' lang='lat' dir='ltr'>animorum</span> <span class='ocrx_word' id='word_1_48' title='bbox 909 1682 1176 1776; x_wconf 79' lang='lat' dir='ltr'>commotione,</span> <span class='ocrx_word' id='word_1_49' title='bbox 1204 1681 1386 1760; x_wconf 86' lang='lat' dir='ltr'>recitatis.</span> 
     </span>
    </p>

    <p class='ocr_par' dir='ltr' id='par_1_3' title="bbox 269 1808 1388 3982">
     <span class='ocr_line' id='line_1_10' title="bbox 326 1808 1387 1912; baseline -0.002 -26"><span class='ocrx_word' id='word_1_50' title='bbox 326 1812 424 1886; x_wconf 76' lang='lat' dir='ltr'>Cum</span> <span class='ocrx_word' id='word_1_51' title='bbox 456 1817 586 1885; x_wconf 89' lang='lat' dir='ltr'>autem</span> <span class='ocrx_word' id='word_1_52' title='bbox 621 1809 876 1886; x_wconf 83' lang='lat' dir='ltr'>intellexisset</span> <span class='ocrx_word' id='word_1_53' title='bbox 907 1810 1120 1887; x_wconf 80' lang='lat' dir='ltr'>Praefectus</span> <span class='ocrx_word' id='word_1_54' title='bbox 1152 1808 1387 1912; x_wconf 80' lang='lat' dir='ltr'>imperatori</span> 
     </span>
     <span class='ocr_line' id='line_1_11' title="bbox 279 1938 1387 2039; baseline -0.005 -21"><span class='ocrx_word' id='word_1_55' title='bbox 279 1944 536 2039; x_wconf 69' lang='lat' dir='ltr'>Pascataroeye</span> <span class='ocrx_word' id='word_1_56' title='bbox 581 1940 802 2038; x_wconf 87' lang='lat' dir='ltr'>complures</span> <span class='ocrx_word' id='word_1_57' title='bbox 852 1965 990 2039; x_wconf 89' lang='lat' dir='ltr'>parere</span> <span class='ocrx_word' id='word_1_58' title='bbox 1043 1940 1228 2039; x_wconf 87' lang='lat' dir='ltr'>Regulos,</span> <span class='ocrx_word' id='word_1_59' title='bbox 1272 1938 1387 2034; x_wconf 90' lang='lat' dir='ltr'>illum</span> 
     </span>
     <span class='ocr_line' id='line_1_12' title="bbox 276 2069 1385 2168; baseline -0.002 -22"><span class='ocrx_word' id='word_1_60' title='bbox 276 2070 384 2146; x_wconf 85' lang='lat' dir='ltr'>adire</span> <span class='ocrx_word' id='word_1_61' title='bbox 418 2069 565 2162; x_wconf 86' lang='lat' dir='ltr'>statuit,</span> <span class='ocrx_word' id='word_1_62' title='bbox 597 2075 652 2162; x_wconf 88' lang='lat' dir='ltr'>ut,</span> <span class='ocrx_word' id='word_1_63' title='bbox 687 2070 879 2168; x_wconf 76' lang='lat' dir='ltr'>explicata</span> <span class='ocrx_word' id='word_1_64' title='bbox 913 2069 1065 2146; x_wconf 90' lang='lat' dir='ltr'>itineris</span> <span class='ocrx_word' id='word_1_65' title='bbox 1101 2069 1224 2146; x_wconf 89' lang='lat' dir='ltr'>nostri</span> <span class='ocrx_word' id='word_1_66' title='bbox 1259 2071 1385 2162; x_wconf 76' lang='lat' dir='ltr'>causa,</span> 
     </span>
     <span class='ocr_line' id='line_1_13' title="bbox 276 2198 1388 2299; baseline 0 -23"><span class='ocrx_word' id='word_1_67' title='bbox 276 2208 315 2276; x_wconf 88' lang='lat' dir='ltr'>et</span> <span class='ocrx_word' id='word_1_68' title='bbox 355 2200 439 2299; x_wconf 90' lang='lat' dir='ltr'>ejus</span> <span class='ocrx_word' id='word_1_69' title='bbox 484 2199 600 2274; x_wconf 85' lang='lat' dir='ltr'>unius</span> <span class='ocrx_word' id='word_1_70' title='bbox 643 2198 847 2275; x_wconf 74' lang='lat' dir='ltr'>conciliata</span> <span class='ocrx_word' id='word_1_71' title='bbox 893 2200 1108 2294; x_wconf 86' lang='lat' dir='ltr'>voluntate,</span> <span class='ocrx_word' id='word_1_72' title='bbox 1144 2199 1295 2276; x_wconf 85' lang='lat' dir='ltr'>facilior</span> <span class='ocrx_word' id='word_1_73' title='bbox 1337 2203 1388 2276; x_wconf 88' lang='lat' dir='ltr'>ad</span> 
     </span>
     <span class='ocr_line' id='line_1_14' title="bbox 275 2328 1387 2430; baseline 0 -24"><span class='ocrx_word' id='word_1_74' title='bbox 275 2339 490 2407; x_wconf 90' lang='lat' dir='ltr'>ceterorum</span> <span class='ocrx_word' id='word_1_75' title='bbox 546 2328 697 2404; x_wconf 89' lang='lat' dir='ltr'>animos</span> <span class='ocrx_word' id='word_1_76' title='bbox 756 2337 908 2428; x_wconf 87' lang='lat' dir='ltr'>pateret</span> <span class='ocrx_word' id='word_1_77' title='bbox 966 2330 1179 2430; x_wconf 89' lang='lat' dir='ltr'>ingressus.</span> <span class='ocrx_word' id='word_1_78' title='bbox 1248 2332 1387 2430; x_wconf 89' lang='lat' dir='ltr'>Itaque</span> 
     </span>
     <span class='ocr_line' id='line_1_15' title="bbox 269 2443 1385 2570; baseline -0.001 -33"><span class='ocrx_word' id='word_1_79' title='bbox 269 2462 406 2559; x_wconf 90' lang='lat' dir='ltr'>juncta</span> <span class='ocrx_word' id='word_1_80' title='bbox 439 2458 556 2535; x_wconf 90' lang='lat' dir='ltr'>celoci</span> <span class='ocrx_word' id='word_1_81' title='bbox 591 2466 733 2534; x_wconf 73' lang='lat' dir='ltr'>nostrae</span> <span class='ocrx_word' id='word_1_82' title='bbox 771 2459 992 2559; x_wconf 83' lang='lat' dir='ltr'>(columbae)</span> <span class='ocrx_word' id='word_1_83' title='bbox 1028 2461 1163 2555; x_wconf 76' lang='lat' dir='ltr'>alterat,</span> <span class='ocrx_word' id='word_1_84' title='bbox 1195 2443 1313 2560; x_wconf 78' lang='lat' dir='ltr'>quam</span> <span class='ocrx_word' id='word_1_85' title='bbox 1335 2460 1385 2570; x_wconf 87' lang='lat' dir='ltr'>in</span> 
     </span>
     <span class='ocr_line' id='line_1_16' title="bbox 274 2567 1386 2688; baseline 0 -22"><span class='ocrx_word' id='word_1_86' title='bbox 274 2589 456 2688; x_wconf 77' lang='lat' dir='ltr'>Virginis</span> <span class='ocrx_word' id='word_1_87' title='bbox 490 2567 737 2681; x_wconf 73' lang='lat' dir='ltr'>conduxerat,</span> <span class='ocrx_word' id='word_1_88' title='bbox 774 2595 813 2663; x_wconf 88' lang='lat' dir='ltr'>et</span> <span class='ocrx_word' id='word_1_89' title='bbox 846 2587 939 2663; x_wconf 90' lang='lat' dir='ltr'>navi</span> <span class='ocrx_word' id='word_1_90' title='bbox 974 2590 1094 2686; x_wconf 67' lang='lat' dir='ltr'>(arcti)</span> <span class='ocrx_word' id='word_1_91' title='bbox 1129 2589 1170 2664; x_wconf 90' lang='lat' dir='ltr'>in</span> <span class='ocrx_word' id='word_1_92' title='bbox 1207 2577 1386 2667; x_wconf 81' lang='lat' dir='ltr'>anchoris</span> 
     </span>
     <span class='ocr_line' id='line_1_17' title="bbox 274 2717 1388 2813; baseline 0 -18"><span class='ocrx_word' id='word_1_93' title='bbox 274 2719 419 2813; x_wconf 73' lang='lat' dir='ltr'>relicta,</span> <span class='ocrx_word' id='word_1_94' title='bbox 448 2721 497 2795; x_wconf 87' lang='lat' dir='ltr'>ad</span> <span class='ocrx_word' id='word_1_95' title='bbox 532 2717 879 2793; x_wconf 62' lang='lat' dir='ltr'>succlamantem</span> <span class='ocrx_word' id='word_1_96' title='bbox 914 2743 1031 2793; x_wconf 88' lang='lat' dir='ltr'>eursu</span> <span class='ocrx_word' id='word_1_97' title='bbox 1066 2717 1308 2813; x_wconf 88' lang='lat' dir='ltr'>circumacto,</span> <span class='ocrx_word' id='word_1_98' title='bbox 1337 2723 1388 2795; x_wconf 88' lang='lat' dir='ltr'>ad</span> 
     </span>
     <span class='ocr_line' id='line_1_18' title="bbox 274 2847 1387 2948; baseline 0 -22"><span class='ocrx_word' id='word_1_99' title='bbox 274 2850 484 2926; x_wconf 87' lang='lat' dir='ltr'>australem</span> <span class='ocrx_word' id='word_1_100' title='bbox 527 2855 679 2946; x_wconf 86' lang='lat' dir='ltr'>partem</span> <span class='ocrx_word' id='word_1_101' title='bbox 720 2847 895 2923; x_wconf 83' lang='lat' dir='ltr'>fluminis</span> <span class='ocrx_word' id='word_1_102' title='bbox 937 2848 1147 2926; x_wconf 83' lang='lat' dir='ltr'>exscendit.</span> <span class='ocrx_word' id='word_1_103' title='bbox 1210 2849 1387 2948; x_wconf 76' lang='lat' dir='ltr'>Cumque</span> 
     </span>
     <span class='ocr_line' id='line_1_19' title="bbox 274 2976 1387 3078; baseline 0 -24"><span class='ocrx_word' id='word_1_104' title='bbox 274 2979 469 3054; x_wconf 88' lang='lat' dir='ltr'>Barbaros</span> <span class='ocrx_word' id='word_1_105' title='bbox 501 2980 550 3052; x_wconf 86' lang='lat' dir='ltr'>ad</span> <span class='ocrx_word' id='word_1_106' title='bbox 589 2976 775 3052; x_wconf 90' lang='lat' dir='ltr'>interiora</span> <span class='ocrx_word' id='word_1_107' title='bbox 806 2976 958 3075; x_wconf 86' lang='lat' dir='ltr'>fugisse</span> <span class='ocrx_word' id='word_1_108' title='bbox 1001 2978 1265 3076; x_wconf 86' lang='lat' dir='ltr'>comperisset,</span> <span class='ocrx_word' id='word_1_109' title='bbox 1302 3004 1387 3078; x_wconf 86' lang='lat' dir='ltr'>pro·</span> 
     </span>
     <span class='ocr_line' id='line_1_20' title="bbox 273 3104 1386 3206; baseline 0.002 -26"><span class='ocrx_word' id='word_1_110' title='bbox 273 3131 429 3205; x_wconf 87' lang='lat' dir='ltr'>gressus</span> <span class='ocrx_word' id='word_1_111' title='bbox 456 3113 515 3180; x_wconf 91' lang='lat' dir='ltr'>est</span> <span class='ocrx_word' id='word_1_112' title='bbox 540 3107 590 3181; x_wconf 85' lang='lat' dir='ltr'>ad</span> <span class='ocrx_word' id='word_1_113' title='bbox 616 3104 814 3181; x_wconf 88' lang='lat' dir='ltr'>civitatem</span> <span class='ocrx_word' id='word_1_114' title='bbox 843 3129 930 3202; x_wconf 90' lang='lat' dir='ltr'>quae</span> <span class='ocrx_word' id='word_1_115' title='bbox 949 3105 972 3180; x_wconf 79' lang='lat' dir='ltr'>a</span> <span class='ocrx_word' id='word_1_116' title='bbox 989 3104 1153 3182; x_wconf 90' lang='lat' dir='ltr'>flumine</span> <span class='ocrx_word' id='word_1_117' title='bbox 1180 3109 1386 3206; x_wconf 86' lang='lat' dir='ltr'>desumpto</span> 
     </span>
     <span class='ocr_line' id='line_1_21' title="bbox 274 3233 1387 3335; baseline -0.002 -23"><span class='ocrx_word' id='word_1_118' title='bbox 274 3235 440 3329; x_wconf 88' lang='lat' dir='ltr'>nomine,</span> <span class='ocrx_word' id='word_1_119' title='bbox 481 3235 717 3312; x_wconf 87' lang='lat' dir='ltr'>Patomcack</span> <span class='ocrx_word' id='word_1_120' title='bbox 760 3234 878 3308; x_wconf 91' lang='lat' dir='ltr'>etiam</span> <span class='ocrx_word' id='word_1_121' title='bbox 922 3233 1120 3328; x_wconf 66' lang='lat' dir='ltr'>dicitur-‚⁰¹³</span> <span class='ocrx_word' id='word_1_122' title='bbox 1158 3237 1247 3330; x_wconf 83' lang='lat' dir='ltr'>Hic,</span> <span class='ocrx_word' id='word_1_123' title='bbox 1287 3236 1387 3335; x_wconf 84' lang='lat' dir='ltr'>Regi</span> 
     </span>
     <span class='ocr_line' id='line_1_22' title="bbox 273 3364 1386 3467; baseline -0.002 -25"><span class='ocrx_word' id='word_1_124' title='bbox 273 3391 394 3467; x_wconf 88' lang='lat' dir='ltr'>puero</span> <span class='ocrx_word' id='word_1_125' title='bbox 412 3372 517 3441; x_wconf 92' lang='lat' dir='ltr'>tutor</span> <span class='ocrx_word' id='word_1_126' title='bbox 539 3371 623 3450; x_wconf 76' lang='lat' dir='ltr'>erat</span> <span class='ocrx_word' id='word_1_127' title='bbox 647 3365 817 3440; x_wconf 88' lang='lat' dir='ltr'>Patruus</span> <span class='ocrx_word' id='word_1_128' title='bbox 836 3364 993 3440; x_wconf 84' lang='lat' dir='ltr'>nornine</span> <span class='ocrx_word' id='word_1_129' title='bbox 1018 3367 1177 3460; x_wconf 76' lang='lat' dir='ltr'>archita,</span> <span class='ocrx_word' id='word_1_130' title='bbox 1197 3365 1386 3464; x_wconf 89' lang='lat' dir='ltr'>puerique</span> 
     </span>
     <span class='ocr_line' id='line_1_23' title="bbox 273 3493 1386 3595; baseline -0.002 -23"><span class='ocrx_word' id='word_1_131' title='bbox 273 3498 376 3574; x_wconf 89' lang='lat' dir='ltr'>vices</span> <span class='ocrx_word' id='word_1_132' title='bbox 407 3497 448 3571; x_wconf 89' lang='lat' dir='ltr'>in</span> <span class='ocrx_word' id='word_1_133' title='bbox 480 3520 599 3594; x_wconf 88' lang='lat' dir='ltr'>regno</span> <span class='ocrx_word' id='word_1_134' title='bbox 629 3495 808 3585; x_wconf 88' lang='lat' dir='ltr'>habebat,</span> <span class='ocrx_word' id='word_1_135' title='bbox 840 3493 903 3568; x_wconf 89' lang='lat' dir='ltr'>vir</span> <span class='ocrx_word' id='word_1_136' title='bbox 933 3494 1066 3592; x_wconf 88' lang='lat' dir='ltr'>gravis</span> <span class='ocrx_word' id='word_1_137' title='bbox 1098 3502 1137 3571; x_wconf 89' lang='lat' dir='ltr'>et</span> <span class='ocrx_word' id='word_1_138' title='bbox 1167 3495 1386 3595; x_wconf 59' lang='lat' dir='ltr'>prodesse&gt;</span> 
     </span>
     <span class='ocr_line' id='line_1_24' title="bbox 274 3622 1386 3724; baseline -0.004 -21"><span class='ocrx_word' id='word_1_139' title='bbox 274 3628 326 3722; x_wconf 88' lang='lat' dir='ltr'>Is,</span> <span class='ocrx_word' id='word_1_140' title='bbox 354 3625 464 3702; x_wconf 85' lang='lat' dir='ltr'>Patri</span> <span class='ocrx_word' id='word_1_141' title='bbox 491 3624 666 3722; x_wconf 81' lang='lat' dir='ltr'>(loanni)</span> <span class='ocrx_word' id='word_1_142' title='bbox 693 3623 843 3698; x_wconf 90' lang='lat' dir='ltr'>altham</span> <span class='ocrx_word' id='word_1_143' title='bbox 870 3622 1020 3718; x_wconf 86' lang='lat' dir='ltr'>(altam.</span> <span class='ocrx_word' id='word_1_144' title='bbox 1044 3623 1123 3700; x_wconf 88' lang='lat' dir='ltr'>vid.</span> <span class='ocrx_word' id='word_1_145' title='bbox 1150 3624 1289 3719; x_wconf 90' lang='lat' dir='ltr'>cliver)</span> <span class='ocrx_word' id='word_1_146' title='bbox 1318 3623 1386 3724; x_wconf 91' lang='lat' dir='ltr'>qui</span> 
     </span>
     <span class='ocr_line' id='line_1_25' title="bbox 272 3753 1384 3850; baseline -0.005 -17"><span class='ocrx_word' id='word_1_147' title='bbox 272 3782 399 3833; x_wconf 90' lang='lat' dir='ltr'>comes</span> <span class='ocrx_word' id='word_1_148' title='bbox 431 3754 587 3832; x_wconf 86' lang='lat' dir='ltr'>additus</span> <span class='ocrx_word' id='word_1_149' title='bbox 618 3762 702 3830; x_wconf 89' lang='lat' dir='ltr'>erat</span> <span class='ocrx_word' id='word_1_150' title='bbox 732 3753 933 3847; x_wconf 75' lang='lat' dir='ltr'>Praefecto,</span> <span class='ocrx_word' id='word_1_151' title='bbox 965 3758 1043 3850; x_wconf 89' lang='lat' dir='ltr'>(me</span> <span class='ocrx_word' id='word_1_152' title='bbox 1073 3754 1218 3830; x_wconf 87' lang='lat' dir='ltr'>etenim</span> <span class='ocrx_word' id='word_1_153' title='bbox 1250 3755 1384 3830; x_wconf 91' lang='lat' dir='ltr'>etiam-</span> 
     </span>
     <span class='ocr_line' id='line_1_26' title="bbox 273 3881 1385 3982; baseline -0.005 -20"><span class='ocrx_word' id='word_1_154' title='bbox 273 3887 368 3962; x_wconf 79' lang='lat' dir='ltr'>num</span> <span class='ocrx_word' id='word_1_155' title='bbox 396 3885 594 3961; x_wconf 89' lang='lat' dir='ltr'>detinebat</span> <span class='ocrx_word' id='word_1_156' title='bbox 620 3883 864 3982; x_wconf 82' lang='lat' dir='ltr'>(Praefectus)</span> <span class='ocrx_word' id='word_1_157' title='bbox 896 3882 946 3956; x_wconf 89' lang='lat' dir='ltr'>ad</span> <span class='ocrx_word' id='word_1_158' title='bbox 981 3881 1168 3980; x_wconf 85' lang='lat' dir='ltr'>sarcinas)</span> <span class='ocrx_word' id='word_1_159' title='bbox 1204 3885 1385 3982; x_wconf 80' lang='lat' dir='ltr'>quaedam</span> 
     </span>
    </p>
   </div>
   <div class='ocr_carea' id='block_1_3' title="bbox 0 0 1604 5562">
    <p class='ocr_par' dir='ltr' id='par_1_4' title="bbox 0 0 1604 5562">
     <span class='ocr_line' id='line_1_27' title="bbox 0 0 1604 5562; baseline 0 0"><span class='ocrx_word' id='word_1_160' title='bbox 0 0 1604 5562; x_wconf 95' lang='lat' dir='ltr'> </span> 
     </span>
    </p>
   </div>
  </div>
 </body>
</html>
