3198 5562
865 633 915 708 58

331 857 371 928 et
396 853 515 930 Pater
532 853 582 927 ad
609 871 758 950 aegrum
777 875 982 926 accurrens
1008 850 1111 926 inter
1131 850 1449 949 colloquendum,

331 1007 383 1076 se,
402 981 533 1081 aliquo
559 983 674 1058 modo
693 981 742 1055 ab
767 979 837 1055 illo
861 979 1051 1080 agnitum,
1072 981 1257 1057 advertit:
1286 1003 1447 1078 respon·

332 1111 480 1188 sionem
509 1111 626 1188 etiam
656 1112 937 1210 nonnunquam
966 1113 1016 1187 ad
1044 1112 1203 1186 brevem
1230 1111 1446 1207 interroga·

331 1241 478 1317 tionem
526 1241 611 1341 (nec
654 1238 758 1316 enim
804 1240 1018 1340 'longiorem
1063 1266 1281 1316 sermonem
1325 1238 1447 1314 simul

332 1395 469 1470 capere
499 1374 666 1469 poterat)
693 1370 743 1444 ab
774 1368 844 1443 illo
875 1368 1026 1466 accipit.
1090 1370 1289 1444 Praesente
1323 1366 1447 1466 igitur

332 1497 634 1597 opportunitate,
659 1497 796 1596 utqui
822 1498 982 1596 posthac
1008 1498 1126 1574 aliam
1154 1523 1231 1573 non
1257 1503 1446 1596 speraret,

334 1627 452 1703 Pater
480 1627 538 1703 uti
567 1627 749 1703 decrevit.
815 1627 990 1725 Cumque
1020 1627 1140 1702 variis
1169 1626 1321 1701 vicibus
1349 1625 1446 1724 aegri

333 1781 563 1832 consensum
586 1754 950 1854 (ut‘arbitrabatur)
973 1755 1202 1830 obtinuisset
1229 1755 1333 1852 quod
1360 1753 1446 1828 fieri

333 1884 453 1960 vellet
482 1883 715 1978 CatholicuS,
744 1885 847 1982 quod
876 1886 923 1959 de
954 1884 1120 1983 peccatis
1151 1882 1310 1974 doleret,
1341 1883 1447 1980 qued

334 2015 383 2089 ab
408 2013 457 2089 iis
481 2021 638 2113 cuperet
663 2013 825 2108 absolvi,
845 2014 1066 2089 absolutum
1095 2016 1118 2089 a
1143 1995 1309 2112 peccatis
1337 2036 1447 2087 sacro

334 2141 467 2218 linivit
493 2142 588 2218 oleo.
654 2142 730 2217 His
761 2142 939 2242 peractio,
967 2169 1070 2243 aeger
1097 2143 1202 2217 intra
1230 2167 1353 2217 unum
1383 2140 1448 2215 vel

333 2271 501 2348 alterum
529 2270 633 2347 diem
659 2273 709 2347 ad
735 2296 872 2348 sensus
898 2273 1064 2371 perfecte
1089 2271 1217 2348 rediit.
1269 2271 1449 2370 Cumque

333 2407 537 2500 rogaretur
567 2399 661 2500 quid
696 2399 848 2498 egisset,
881 2400 944 2475 vel
979 2400 1074 2498 quid
1109 2401 1210 2475 circa
1243 2425 1284 2476 se
1314 2406 1448 2475 actum

334 2529 546 2606 sensisset?
585 2528 789 2627 respondit
818 2534 926 2604 tanto
958 2554 1046 2604 cum
1078 2529 1221 2628 gaudio
1252 2536 1292 2605 et
1322 2527 1448 2604 animi

333 2687 450 2737 sensu
467 2686 508 2736 se
525 2660 567 2734 in
589 2657 804 2734 Ecclesiam
822 2658 1062 2736 catholicam
1080 2659 1296 2736 admissum
1314 2659 1446 2753 fuisse,

333 2796 372 2866 et
398 2789 438 2864 in
466 2790 511 2865 eat
534 2789 585 2863 ad
611 2795 828 2864 extremum
855 2813 977 2891 usque
1004 2789 1188 2889 spiritum
1216 2814 1446 2888 permansu-

333 2945 434 3015 rum,
454 2926 498 2995 ut
523 2919 704 2994 omnibus
722 2919 789 3019 qui
808 2922 972 2997 aderant
989 2947 1066 2997 non
1094 2948 1258 3021 parvam
1278 2921 1448 2998 moverit

334 3047 644 3125 admirationem.
689 3047 801 3124 Idem
825 3056 958 3146 postea
984 3050 1173 3149 gaudium
1198 3049 1307 3126 Patri
1330 3052 1380 3125 ad
1405 3075 1447 3124 se

333 3176 512 3253 redeunti
544 3175 744 3274 expressit,
777 3180 996 3277 magnaque
1030 3204 1117 3254 cum
1155 3179 1238 3277 ejus
1273 3178 1445 3253 satisfac·

334 3305 449 3398 tione,
481 3312 608 3381 cetera
638 3304 833 3402 praestitit,
861 3299 910 3381 ad
942 3305 1069 3405 operis
1100 3307 1271 3382 inchoati
1301 3307 1446 3404 perfec·

333 3433 491 3527 tionem,
536 3433 761 3508 necessaria.
845 3435 906 3510 Ex
949 3462 993 3512 co
1036 3444 1210 3536 ternpore
1252 3435 1445 3535 paulatim

335 3562 554 3655 convaluit;
586 3564 767 3638 sederim
796 3565 981 3642 subsidiis
1006 3567 1156 3643 idoneis
1182 3569 1261 3643 fere
1287 3574 1445 3660 careret,

337 3693 481 3799 dirique
517 3691 680 3791 supinus
705 3693 863 3793 jaceret,
900 3696 1139 3775 horrendum
1173 3704 1254 3772 toto
1289 3720 1448 3794 corpore
