3200 5530
846 579 895 658 27

367 796 564 874 Praeuellit
597 801 728 872 autem
771 801 928 890 eeteros,
949 819 1061 895 ¹quos
1104 795 1201 871 alibi
1235 801 1430 871 terrarum

315 925 472 1026 gustavi
514 925 663 1002 fructus
707 925 800 1002 rua
835 926 954 1001 Pinea
1000 924 1115 1025 (Pine
1158 927 1245 1026 nut)
1291 931 1352 1000 est
1386 950 1430 999 ea

314 1055 453 1132 eoloris
481 1055 600 1151 aurei,
631 1054 800 1155 vinoque
830 1054 955 1130 mixta
988 1054 1224 1159 gratissima,
1256 1061 1336 1130 tres
1367 1055 1429 1130 vel

315 1193 482 1284 quatuor
516 1186 690 1286 ejusdem
721 1184 891 1260 nominis
926 1210 1042 1261 nuces
1077 1185 1293 1284 Europaeas
1328 1185 1429 1260 mole

315 1319 537 1417 adaequans,
572 1317 698 1416 figura
741 1339 818 1391 nou
872 1317 1086 1391 admodum
1129 1314 1314 1391 dissimili
1362 1315 1430 1389 sed

315 1448 545 1547 operosiore:
606 1469 683 1519 non
725 1450 785 1520 tot
834 1443 1018 1519 distincta
1068 1441 1340 1518 loculameutis
1393 1449 1432 1517 et

315 1575 496 1669 modulis,
521 1574 589 1675 qui
615 1573 782 1651 adhibiti
808 1576 859 1649 ad
884 1573 1016 1672 ignem
1043 1575 1224 1650 nucleum
1249 1576 1428 1666 reddant,

315 1707 385 1782 sed
413 1703 524 1780 molli
550 1710 589 1804 et
613 1702 759 1780 tenella
783 1701 963 1778 involuta
996 1700 1271 1778 membranula
1295 1699 1428 1800 gustui

309 1832 608 1932 jucundissima,
641 1831 750 1908 nullo
785 1856 924 1930 aspera
958 1831 1080 1926 11111,
1116 1833 1184 1908 sed
1218 1833 1242 1907 a
1275 1857 1429 1908 summe

315 1962 497 2038 deorsum
521 1960 724 2059 aequaliter
748 1961 880 2060 palato
906 1960 1095 2037 arridens.
1147 1961 1284 2061 Neque
1310 1964 1429 2056 deest,

315 2116 434 2190 quam
468 2096 651 2184 meretur,
686 2115 838 2183 corona,
870 2090 977 2166 haud
1008 2089 1126 2166 dubie
1154 2089 1258 2165 enim
1293 2089 1430 2189 regina

314 2221 512 2296 fruetuum
539 2217 739 2319 appellari
756 2225 893 2318 potest.
947 2219 1118 2295 Gustum
1144 2220 1262 2296 habet
1283 2244 1430 2295 arema-

313 2349 447 2444 tieum,
466 2355 504 2425 et
530 2349 721 2448 quantum
747 2349 968 2446 conjectura
993 2373 1188 2448 assequor,
1207 2351 1318 2448 fraga
1336 2348 1429 2424 vino

314 2479 572 2580 saucharoque
606 2479 731 2555 mixta
763 2479 1006 2554 referentem.
1071 2479 1239 2554 Sanitati
1281 2503 1430 2554 111111-

314 2608 455 2682 vandae
484 2607 702 2705 plurimum
738 2607 896 2701 confert,
924 2631 1129 2706 corporum
1160 2606 1429 2684 eonst'tutioui

311 2736 394 2810 tdm
438 2737 527 2835 apte
569 2735 823 2831 consentiens,
868 2742 913 2812 ut
953 2734 1045 2812 lieet
1084 2738 1233 2812 ferrum
1275 2738 1427 2831 exedat,

314 2863 512 2941 hominem
546 2871 688 2958 tamen,
721 2864 754 2940 si
784 2889 954 2964 quares
985 2863 1063 2940 alia
1093 2865 1212 2968 quam
1242 2863 1427 2958 maxime,

314 2992 554 3085 corroboret3
582 3017 706 3091 neque
723 2991 909 3092 praecelsa
934 2992 1035 3068 hane
1052 3017 1192 3092 queres
1210 2991 1251 3066 iu
1277 2993 1426 3086 arbore,

313 3121 384 3198 sed
409 3144 540 3216 unam,
568 3123 647 3197 una
673 3146 720 3196 ex
744 3121 874 3196 radice
899 3120 1012 3220 quasi
1042 3121 1177 3197 cardui
1204 3120 1426 3219 Hispanici,

312 3249 610 3348 prominentem.
665 3250 860 3349 Optabam
886 3274 948 3324 111
982 3272 1120 3326 nucem
1147 3275 1268 3326 uuam
1296 3250 1426 3326 Pater-

313 3380 573 3455 arteriasue
595 3405 684 3455 eum
707 3377 813 3455 hisee
839 3378 980 3454 litteris
1006 3381 1161 3456 tradere
1185 3377 1359 3478 putuisse
1384 3378 1425 3454 11

314 3532 467 3582 manue.
520 3506 631 3583 Nihil
658 3507 774 3601 enim,
801 3514 944 3606 praeter
969 3506 1109 3606 ipsam,
1136 3533 1208 3606 pro
1235 3505 1426 3605 dignitate

313 3641 442 3734 petest
467 3635 695 3711 describere.

364 3761 565 3863 Vigesimo
599 3771 739 3862 quarto
773 3762 963 3860 Januarii,
997 3765 1045 3840 de
1079 3771 1190 3840 nocte
1224 3765 1426 3842 subductis

315 3893 505 3988 anchoris,
532 3899 571 3970 et
600 3893 702 3970 11111
727 3893 931 3970 meridiem
958 3893 1154 3992 sequentis
1183 3895 1260 3971 diei
1290 3895 1427 3971 relicta

315 4026 364 4100 ad
388 4023 530 4100 laevam
556 4024 687 4099 insula
712 4024 776 4100 ga.
803 4022 947 4117 Lueiae,
970 4024 1042 4098 sub
1070 4048 1275 4123 vesperam
1300 4024 1425 4101 tenui·
