3198 5562
787 543 836 618 61

260 758 523 852 moribundos
557 758 624 858 qui
654 759 747 833 sane
775 759 846 832 hoo
878 783 979 833 auno
1011 757 1173 857 plurimi
1203 759 1375 850 fuerunt,

260 889 451 986 valdeque
478 888 652 987 disperse
679 887 922 982 habitabant,
950 888 1057 962 omni
1083 913 1156 986 ope
1181 888 1375 986 juvimus

260 1018 355 1094 adeb
389 1025 433 1094 ut
477 1043 525 1092 ne
560 1042 661 1092 unus
704 1016 862 1116 quidem
906 1016 1162 1093 sacramentis
1202 1016 1375 1092 moriens

258 1145 438 1222 caruerit.
491 1145 689 1222 Plurimos
713 1144 978 1244 sepelivimus,
1003 1145 1133 1219 varios
1158 1145 1375 1244 baptizavi·

258 1301 358 1352 mus.
411 1276 464 1353 Et
490 1276 671 1376 quamvis
695 1276 915 1375 frequentes
940 1275 1223 1351 discordiarum
1248 1301 1377 1352 causae

259 1430 335 1480 non
355 1405 494 1502 desint,
514 1407 625 1482 nulla
641 1413 775 1482 tamen
798 1407 862 1482 hie
881 1432 1023 1481 novem
1041 1407 1248 1506 postremis
1266 1433 1375 1482 men·

258 1534 377 1630 sibuS,
407 1536 595 1612 momenti
627 1537 791 1635 alicujus
821 1544 955 1612 exorta
989 1544 1058 1630 est,
1090 1562 1208 1636 quam
1239 1540 1375 1613 statim

258 1690 335 1740 non
363 1666 641 1743 sedaverimus
705 1667 825 1761 Illud,
856 1666 929 1742 Dei
960 1667 1156 1760 beneficio,
1186 1667 1373 1742 solatium

257 1796 457 1889 habemus,
477 1798 581 1894 quod
608 1796 912 1890 vitiorumnihil
939 1797 1161 1887 admodum,
1182 1796 1245 1870 vel
1270 1796 1374 1871 inter

257 1950 377 2000 novos
395 1925 614 2000 Catholieos
632 1926 815 2025 pullulat,
830 1925 1012 2024 quamvis
1038 1925 1264 2024 hujusmodi
1288 1925 1374 2000 loca

257 2081 335 2131 non
353 2055 504 2131 soleant
528 2081 575 2131 ex
593 2057 741 2155 optimo
758 2056 964 2131 hominum
990 2079 1137 2153 genere,
1148 2053 1371 2130 coalescere.

307 2185 415 2261 Duos
443 2184 660 2261 Catholicos
691 2186 758 2285 qui
789 2210 829 2260 se
859 2185 900 2259 in
929 2183 1158 2259 servitutem
1186 2183 1371 2260 vendide-

253 2321 345 2391 rant
369 2315 410 2390 in
429 2315 611 2414 Virginid
637 2316 894 2392 redemimus:
925 2339 994 2389 neo
1018 2313 1119 2387 male
1145 2312 1370 2410 impensum

254 2446 436 2545 pretium.
497 2447 628 2521 Ambo
655 2445 759 2521 enim
786 2467 827 2520 se
852 2446 973 2536 bonos
1001 2442 1242 2517 Christianos
1268 2468 1368 2540 prae·

255 2583 372 2670 stant,
402 2602 508 2652 unus.
533 2585 663 2653 autem
694 2575 925 2675 vulgaribus
955 2573 1119 2651 excellit.
1186 2575 1368 2674 Idipsum

253 2704 435 2781 Caritatis
486 2707 653 2782 officium
697 2705 765 2781 alii
814 2731 890 2780 non
935 2704 1034 2779 nulli
1086 2706 1366 2803 praestiterunt,

253 2841 424 2911 ementes
450 2835 542 2913 inde
568 2861 701 2912 servos
727 2834 945 2911 Oatholioos
972 2858 1139 2933 quorum
1166 2835 1282 2910 isthic
1309 2844 1369 2910 est

253 2964 375 3063 eopia.
445 2965 618 3066 Singulis
654 2965 758 3042 enim
798 2965 922 3058 anniS,
959 2961 1123 3062 plurimi
1158 2962 1198 3038 in
1234 2989 1367 3039 servos

254 3091 336 3168 illio
371 3119 411 3170 se
450 3096 687 3194 mancipant,
723 3094 791 3194 qui
830 3095 933 3170 inter
975 3091 1163 3186 homines,
1200 3092 1369 3190 exempli

256 3224 428 3322 pessimi,
456 3226 644 3321 viventes,
675 3226 818 3325 omniq.
850 3249 923 3323 ope
953 3221 1151 3321 spirituali
1180 3221 1368 3315 destituti,

257 3350 477 3427 animarum
507 3353 738 3453 plerumque
761 3353 957 3451 jacturam
985 3347 1144 3423 faciunt.

306 3481 447 3558 Varios
474 3485 494 3559 b
521 3485 719 3583 primariis
745 3510 816 3585 per
842 3481 1039 3559 Exercitia
1065 3478 1295 3579 spiritualia
