3198 5562
851 554 903 628 42

328 763 580 842 constitutori
604 765 786 866 pluribus
811 766 923 866 pagis
948 792 1162 844 convenere
1178 769 1280 844 circa
1304 768 1448 867 ingen·

329 902 409 971 tem
427 895 559 996 ignem
576 923 711 974 omnes
728 898 903 974 omnium
922 907 1082 975 aetatum
1101 899 1177 975 viri
1194 900 1446 998 feminaeque3

329 1027 505 1126 proxime
538 1030 589 1104 ad
623 1028 753 1128 ignem
789 1029 946 1104 stabant
973 1029 1167 1128 juniores;
1202 1031 1303 1129 pone
1337 1030 1444 1120 illos,

328 1155 599 1253 provectiores,
652 1156 759 1231 Tunc
790 1155 905 1254 adipe
934 1155 1091 1231 cervina
1116 1156 1156 1231 in
1188 1157 1317 1255 ignem
1350 1179 1443 1230 con·

322 1281 437 1380 jectt,
469 1283 710 1382 sublatisque
744 1284 785 1359 in
816 1285 954 1359 caelum
986 1284 1167 1360 manibus
1197 1293 1236 1359 et
1264 1284 1441 1372 vocibus,

327 1412 569 1488 clamabant:
608 1417 703 1513 yolo
732 1417 836 1512 pado.
906 1414 1122 1489 Intervallo
1155 1414 1256 1490 facto
1289 1414 1443 1511 profert

326 1565 428 1617 unus
459 1541 601 1642 aliquis
635 1543 733 1618 bene
764 1567 946 1640 magnam
982 1566 1138 1640 peram;
1174 1541 1215 1616 in
1250 1543 1345 1639 pera
1379 1547 1442 1615 est

324 1672 443 1746 tubus
461 1678 501 1746 et
525 1671 669 1772 pulvis,
688 1695 804 1770 quem
824 1672 922 1748 Pota
939 1671 1154 1746 nominant.
1206 1671 1339 1746 Tubns
1365 1677 1437 1761 est,

323 1799 430 1898 quali
475 1799 679 1876 Nostrates
714 1807 879 1877 utuntur
919 1803 969 1876 ad
1004 1803 1243 1899 occupandum
1281 1799 1436 1874 fumum

324 1925 476 2020 Tabaci,
496 1929 565 2003 sed
591 1927 715 2002 multd
732 1927 891 2025 majori:
919 1927 1041 2025 igitur
1065 1952 1160 2025 pera
1185 1926 1286 2001 ciret
1303 1925 1436 2024 ignem

323 2050 458 2147 fertur,
485 2054 736 2150 sequentibus
762 2052 894 2151 pueris
921 2061 960 2128 et
984 2052 1138 2151 puellis
1158 2060 1196 2147 et
1223 2077 1314 2127 voce
1340 2051 1435 2126 satis

322 2182 436 2280 grata
472 2181 758 2258 alternantibus
789 2185 881 2282 pulo
910 2186 1014 2281 yolo.
1079 2182 1232 2257 Circulo
1267 2188 1433 2280 peracto,

322 2311 508 2388 eximitur
534 2313 653 2388 tubus
679 2314 700 2388 e
731 2315 826 2411 porat
852 2320 889 2388 et
915 2313 1048 2411 pulvis
1066 2314 1165 2390 Pota
1190 2312 1230 2386 in
1258 2312 1434 2410 singulos

323 2444 522 2519 adstantes
570 2442 842 2535 distribuitnr;
894 2443 1004 2541 cnjus
1047 2442 1087 2517 in
1138 2444 1233 2517 tubo
1285 2440 1433 2516 accensi

322 2573 488 2667 fumum,
520 2571 684 2671 quisque
718 2597 920 2671 exsugam,
956 2573 1132 2647 membra
1166 2570 1337 2670 corporis
1362 2569 1433 2646 sui

322 2700 478 2800 singula
512 2699 664 2798 perflat,
700 2706 984 2798 consecratque.
1053 2699 1176 2775 Plura
1212 2724 1288 2774 non
1323 2697 1435 2774 licuit

323 2830 480 2922 discere,
520 2829 595 2904 nisi
639 2831 743 2928 quod
785 2830 994 2904 videantur
1037 2829 1217 2936 notitiam
1260 2827 1432 2926 aliquam

322 2957 505 3034 habuisse
537 2957 688 3033 Diluvii
718 2983 793 3058 quo
824 2961 994 3034 mundus
1024 2959 1142 3056 periit
1168 2965 1329 3057 propter
1355 2983 1432 3033 soe·

324 3091 406 3166 lena
435 3090 653 3166 hominum.

373 3220 463 3295 Uno
493 3221 647 3296 tantum
676 3245 808 3296 mense
838 3221 902 3296 hic
932 3221 1093 3298 fuimus:
1139 3222 1270 3322 itaque
1308 3229 1434 3299 cetera

323 3348 512 3447 proximae
536 3349 778 3448 navigationi
803 3352 996 3426 servanda
1022 3357 1124 3427 sunt.
1170 3353 1279 3428 Illud
1305 3377 1433 3428 assero

323 3479 451 3554 solum
480 3480 605 3556 videri
633 3480 674 3555 in
701 3480 840 3579 primis
869 3481 1016 3575 fertile;
1044 3483 1165 3580 fraga,
1193 3481 1304 3575 vites,
1332 3482 1431 3558 saxi·

322 3606 504 3706 fragium,
544 3608 717 3706 glandes,
748 3609 958 3707 juglandes
1001 3610 1148 3708 passim
1192 3610 1434 3701 densissimis

323 3738 364 3813 in
391 3737 514 3838 sylvis
542 3737 749 3814 calcamus.
802 3739 840 3812 N
843 3738 928 3837 igra
953 3746 992 3814 et
1019 3765 1081 3815 mo
1100 3739 1148 3815 lis
1174 3747 1289 3834 terra,
1317 3740 1433 3816 unius
