3198 5562
845 539 895 612 35

365 754 530 830 Interim
558 754 653 829 dirm
684 753 895 830 Praefectus
927 755 1032 852 apud
1068 755 1351 854 Imperatorem
1386 755 1437 829 in

314 880 454 957 itinere
470 889 540 975 est,
559 881 726 957 Barbari
744 883 793 958 ad
820 881 901 956 Stum
919 882 1160 960 Clementem
1179 884 1436 960 audentiores

313 1009 416 1104 facti,
435 1034 476 1086 se
501 1008 688 1108 vigilibus
717 1008 860 1085 nostris
886 1009 1118 1086 familiarius
1148 1013 1432 1088 admiscebant.

314 1138 510 1214 Excubias
536 1139 641 1215 enim
666 1138 839 1215 interdici
863 1146 1054 1240 noctuque
1079 1143 1301 1240 agebamus,
1326 1142 1432 1235 tirm,

313 1274 357 1343 ut
390 1266 602 1366 lignatores
637 1272 799 1359 nostros,
831 1266 917 1341 trim
953 1275 996 1342 ut
1030 1268 1262 1367 aphractum
1294 1295 1427 1368 quern,

312 1396 458 1472 tabulis
488 1396 680 1495 costisque
709 1395 880 1490 solutim,
912 1396 1089 1492 allatum,
1121 1398 1427 1491 aedificabemus‚

314 1528 363 1604 ab
398 1525 623 1627 repentibus
665 1523 877 1601 insultibus
911 1531 1140 1604 tutaremur.
1217 1527 1429 1626 Voluptati

313 1665 398 1732 erat
415 1657 551 1733 audire
569 1654 808 1732 admirantes
825 1654 1003 1754 siugula3
1030 1655 1241 1755 inprimis,
1262 1658 1426 1732 ubinam

312 1795 510 1864 terrarum
536 1793 647 1862 tauta
673 1785 789 1859 arbor
806 1783 1039 1860 excrevisset
1064 1809 1111 1860 ex
1136 1787 1224 1885 quat,
1243 1788 1325 1864 tam
1352 1785 1424 1861 im·

314 1942 448 1992 mensa
490 1914 612 1990 moles
655 1913 767 1988 navis
802 1912 1071 1990 declolaretur:
1115 1915 1283 1990 excisam
1318 1915 1424 1990 enirn

315 2044 607 2120 arbitrabantur
634 2067 750 2142 quem
781 2043 993 2117 admodum
1025 2043 1173 2119 Indicae
1199 2044 1350 2138 Canoae,
1378 2069 1425 2119 ex

313 2199 393 2250 nno
435 2173 565 2272 aliquo
608 2169 757 2246 arboris
799 2176 946 2244 trunco.
1024 2170 1233 2247 Tormenta
1276 2173 1424 2270 majora

314 2301 497 2379 attonitos
532 2326 665 2378 omues
704 2300 914 2392 tenebant3
954 2300 1061 2376 haud
1104 2302 1239 2399 paullo
1278 2301 1424 2400 quippo

313 2432 507 2508 vocaliora
524 2437 636 2507 erant
661 2427 838 2505 stridulis
865 2428 1039 2528 ipsorum
1064 2432 1242 2527 arcubus,
1261 2441 1300 2508 et
1325 2431 1424 2508 toni-

314 2569 402 2638 truo
428 2560 551 2660 paria.

364 2692 588 2784 Praefectus,
607 2688 753 2765 socium
781 2687 931 2796 itineris
959 2690 1192 2768 adhibuerat
1218 2695 1267 2768 ad
1294 2693 1423 2792 impo-

313 2829 483 2897 ratorem
517 2819 719 2896 Hearicam
754 2819 867 2912 Plcct,
897 2818 1154 2917 Oapitaneum
1191 2848 1237 2897 ex
1273 2823 1322 2897 iis
1357 2823 1425 2922 qui

314 2953 354 3026 in
373 2950 556 3050 Virginis
578 2957 887 3026 commorantur:
916 2951 1114 3029 hominem
1142 2957 1328 3032 Barbaris
1352 2957 1423 3032 im·

314 3081 476 3181 primis.
487 3085 655 3180 gratum,
692 3085 731 3154 et
764 3078 913 3178 linguae
947 3081 1198 3183 locorumque
1240 3087 1423 3184 peritum.

315 3210 393 3286 Hic
432 3209 544 3285 initio
580 3207 691 3283 nobis
733 3208 1022 3307 perfamiliaris,
1059 3212 1199 3290 deinde
1237 3217 1426 3315 tlcytorni

314 3340 518 3438 cujusdam
542 3335 711 3413 sinistris
735 3339 917 3414 seductus
936 3341 1119 3436 consiliis,
1138 3343 1425 3421 infensissimus

315 3471 483 3563 effectus,
505 3467 780 3566 indigenarum
806 3466 969 3564 animos,
988 3473 1066 3570 quat
1092 3479 1175 3548 arte
1201 3481 1339 3572 potest,
1359 3477 1424 3550 ad·

314 3598 472 3674 versum
501 3620 570 3672 nos
598 3595 782 3671 accendit.
836 3596 1294 3696 interimtamen,di1m
1323 3602 1426 3678 inter

316 3753 385 3804 nos
412 3724 576 3804 amicus
611 3730 752 3823 ageret,
789 3726 920 3800 sedem
965 3728 1152 3806 Praefecto
1193 3731 1428 3807 monstravit
