3198 5562
800 533 851 608 32

269 741 457 820 illistam
485 769 628 845 magna
654 747 767 822 navis
793 756 999 848 conspecta
1024 750 1109 843 fuit,
1132 750 1264 826 nuncii
1290 751 1381 826 hinc

267 871 359 948 inde
405 873 514 950 missi
558 877 772 952 narrabant
809 879 965 954 Canauna
1008 879 1148 955 insulae
1188 871 1378 973 similem3

268 1003 509 1100 adventasse,
541 1010 599 1080 tot
632 1004 809 1081 homines
844 1014 938 1104 quot
976 1007 1017 1082 in
1052 1008 1175 1107 sylvis
1210 1010 1378 1084 arbores.

268 1130 532 1208 Processimus
558 1139 689 1208 tamen
717 1136 767 1209 ad
793 1133 942 1211 insulas
969 1139 1176 1212 ardearum
1206 1138 1378 1236 (Heroas

266 1257 438 1359 Islancls)
460 1259 515 1335 sic
541 1261 664 1336 dictas
691 1263 740 1337 ab
762 1261 949 1338 inauditis
976 1264 1221 1340 examinibus
1247 1266 1379 1364 hujus·

266 1391 373 1466 modi
403 1392 620 1468 volucrum.
689 1393 864 1470 Primam
898 1421 985 1494 quae
1015 1396 1183 1472 occurrit
1212 1397 1258 1472 Sti
1293 1396 1377 1472 Ole-

266 1520 449 1596 mentis'l'l
474 1525 525 1598 ad
555 1547 684 1622 quam,
718 1522 793 1598 nisi
822 1525 934 1616 vado,
962 1548 1040 1598 non
1069 1530 1178 1623 patet
1203 1549 1377 1599 accessus

264 1656 423 1747 propter
441 1649 590 1726 declive
616 1649 738 1726 littus.
792 1650 869 1725 Hic
891 1649 1044 1726 ancillae
1062 1677 1149 1750 quae
1167 1653 1217 1726 ad
1241 1651 1374 1726 lavan-

264 1781 358 1854 dum
385 1782 672 1873 exscenderant,
700 1779 855 1856 inverso
881 1781 1010 1873 lintre,
1039 1781 1137 1880 pene
1163 1782 1375 1856 submersae

263 1916 365 2000 sunt,
386 1911 528 2008 magnai
553 1917 664 2008 parte
683 1934 858 1984 meorum
876 1908 993 1984 etiam
1013 1909 1224 1984 linteorum
1243 1911 1375 2007 deper-

263 2035 355 2128 dita,
370 2036 524 2134 jactura
541 2037 583 2111 in
600 2037 662 2112 his
686 2037 864 2135 partibus
882 2062 957 2112 non
978 2036 1172 2113 mediocri.

313 2167 503 2242 Abundat
527 2166 610 2242 baec
627 2167 757 2242 insula
779 2167 904 2259 cedro,
924 2165 1132 2264 saxifragio
1150 2166 1369 2265 (sassafras)

263 2294 393 2371 herbis
420 2302 458 2372 et
484 2295 645 2372 floribus
672 2298 722 2371 ad
748 2295 875 2371 omnis
901 2295 1053 2394 generis
1076 2295 1245 2370 acetaria
1270 2319 1372 2369 com·

261 2428 460 2522 ponenda3
489 2451 586 2502 nuce
604 2426 721 2502 etiam
739 2425 923 2524 sylvestri
941 2451 1029 2524 quae
1047 2424 1280 2524 juglandem
1299 2426 1373 2499 fort

261 2557 495 2652 praeduram
514 2553 639 2653 spisso
657 2555 870 2653 putamine,
892 2556 1027 2629 nucleo
1045 2579 1167 2652 parvo
1186 2556 1255 2629 sed
1273 2553 1371 2628 mire

260 2690 382 2780 grata.
452 2683 550 2760 Onm
602 2691 731 2759 tamen
789 2683 1164 2782 quadringentorum
1215 2690 1370 2758 tantum

254 2811 440 2910 jugerum
476 2811 695 2906 latitudine,
723 2809 808 2886 visa
842 2818 902 2886 est
936 2811 1096 2908 (insula)
1126 2836 1202 2886 non
1238 2812 1371 2910 ampla

260 2941 353 3016 satis
397 2943 529 3017 lutura
567 2943 677 3017 sedes
721 2966 832 3016 novae
866 2941 1110 3039 plantationi.
1172 2939 1370 3030 Quaesitus

260 3077 474 3147 esttamen
503 3071 609 3146 locus
628 3070 763 3145 Castro
790 3069 975 3167 (tantbm)
1003 3070 1228 3146 aedificando
1257 3070 1370 3167 (forte

259 3200 300 3276 in
343 3199 430 3299 ipsa
471 3201 616 3298 insula)
651 3203 701 3276 ad
744 3199 1006 3299 prohibendos
1049 3205 1211 3293 exteros,
1255 3199 1371 3275 fluvii

258 3329 498 3424 commercia,
534 3333 706 3430 finesque
739 3332 945 3405 tutandos:
983 3329 1016 3404 is
1047 3329 1152 3406 enim
1187 3338 1272 3406 erat
1302 3356 1369 3406 au·

258 3458 507 3558 gustissimus
540 3459 715 3535 fluminis
750 3456 1010 3556 trajectusffil·

311 3588 384 3663 Die
427 3592 720 3666 aaarvnciatioata
763 3588 841 3664 SSoe
874 3588 1031 3684 Virqim's
1074 3587 1225 3681 Marias,
1270 3613 1372 3663 anuo

259 3719 368 3811 1634,
405 3717 510 3816 (vide
553 3717 733 3817 superius
774 3717 868 3814 Pag.
906 3718 956 3813 1.)
1000 3715 1172 3814 primbm
1216 3717 1257 3792 in
1297 3719 1369 3792 hac

1565 5133 1591 5498 l
