3200 5530
850 579 899 654 13

314 818 444 890 naves,
481 795 584 872 inter
617 821 658 871 se
693 821 809 872 cursu
843 803 882 872 et
915 798 1101 873 tubarum
1136 796 1318 896 clangore
1357 818 1428 894 per

313 923 449 999 horam
475 924 668 1024 integram
692 927 977 1020 contendentes,
995 926 1093 1001 coelo
1111 930 1150 1001 et
1176 925 1304 1001 ventis
1331 923 1424 998 arri·

313 1054 506 1131 dentibus.
559 1055 613 1132 Et
643 1062 864 1155 superasset
895 1063 1038 1149 nostra,
1067 1055 1249 1155 quamvis
1289 1054 1426 1153 Siparo

312 1208 390 1260 non
416 1191 617 1260 uteremur
642 1184 717 1260 nisi
735 1182 952 1261 sistendum
979 1185 1116 1261 fuisset
1141 1192 1302 1284 propter
1328 1183 1424 1258 celo·

312 1337 394 1390 cem
421 1339 509 1413 quae
534 1312 683 1390 tardior
710 1321 813 1408 erat;
842 1313 974 1414 itaque
999 1314 1185 1390 cessimus
1215 1313 1423 1390 onerariae:

311 1442 382 1519 illa
407 1452 537 1546 autem
564 1447 654 1522 ante
682 1470 883 1545 vesperam
910 1452 1176 1545 praetervecta,
1203 1445 1425 1546 conspectui

313 1580 445 1650 nostro
463 1599 505 1650 se
523 1575 722 1651 subduxit.

363 1702 437 1779 Die
453 1699 579 1804 igitur
593 1704 800 1781 Dominicis
824 1706 889 1781 24³
905 1711 945 1782 ct
962 1705 1025 1781 die
1044 1705 1167 1782 Lunae
1185 1707 1234 1780 25
1254 1705 1293 1781 N
1295 1729 1423 1780 ovem·

310 1830 403 1926 bris,
422 1835 614 1931 usquead
638 1858 841 1932 vesperam
865 1836 1053 1933 prosperat
1072 1834 1132 1909 usi
1157 1857 1294 1908 sumus
1315 1831 1422 1907 navi·

309 1962 476 2061 gatione.
529 1963 620 2038 Jam
647 1989 738 2039 vero
765 1964 893 2039 ventis
919 1963 960 2038 in
987 1963 1210 2062 aquilonem
1236 1961 1422 2054 obversis,

310 2098 420 2168 tanta
438 2100 571 2170 exorta
588 2100 647 2169 ost
671 2101 894 2193 tempestas,
914 2100 958 2170 ut
982 2093 1170 2188 oneraria,
1190 2117 1309 2192 quam
1328 2091 1421 2183 dixi,

313 2221 584 2316 Londinensis‚
612 2229 802 2298 retroacto
830 2247 957 2316 cursu,
985 2221 1174 2320 Angliam
1201 2226 1240 2295 et
1266 2217 1423 2319 portum

311 2353 418 2450 apud
443 2352 680 2427 Paumonios
706 2351 896 2428 celebrem
917 2349 1128 2450 repetierit.
1164 2349 1282 2425 Celox
1305 2348 1422 2424 etiam

312 2485 445 2555 nostra
479 2505 664 2556 vasorum
705 2481 860 2556 tantinn
894 2481 956 2574 40,
992 2480 1081 2556 cinn
1125 2485 1235 2572 esset,
1272 2475 1423 2552 viribus

310 2607 430 2707 coepit
459 2608 644 2704 diffidere,
671 2616 710 2684 ct
740 2609 982 2708 adnavigans
1009 2607 1162 2684 monuit
1189 2633 1240 2701 se,
1268 2607 1302 2682 si
1328 2633 1421 2682 nau·

310 2736 480 2836 fragium
498 2744 698 2832 metueret,
718 2736 759 2814 id
783 2737 998 2813 luminibus
1017 2739 1037 2813 b
1055 2737 1281 2814 carchesiol⁵l
1299 2744 1423 2812 osten-

310 2865 375 2960 sis,
395 2866 712 2966 significaturam.
757 2869 1009 2944 Vehebamur
1026 2868 1186 2944 interim
1204 2892 1273 2942 nos
1292 2866 1425 2942 validat

312 2994 404 3070 navi
433 3021 617 3072 vasorum
646 2996 1037 3097 quadringentorum,
1064 3022 1188 3096 neque
1219 2996 1346 3096 aptior
1377 3021 1424 3071 ex

310 3125 418 3225 ligno
444 3134 484 3204 et
510 3129 611 3204 ferro
639 3127 811 3204 construi
839 3133 1002 3227 poterat.
1056 3127 1095 3202 N
1097 3127 1265 3202 avarcha
1290 3127 1423 3202 uteba·

312 3279 402 3330 mur
431 3255 689 3355 peritissim03
726 3259 818 3332 data
848 3262 907 3332 est
937 3255 1069 3356 itaque
1094 3255 1154 3330 illi
1181 3253 1286 3353 optio
1314 3255 1423 3329 rede·

311 3383 419 3478 undi,
447 3385 480 3458 si
504 3384 633 3479 vellet,
661 3385 701 3460 in
728 3384 921 3484 angliam:
950 3384 1013 3460 vel
1038 3410 1127 3460 cum
1153 3384 1281 3459 ventis
1308 3385 1424 3483 porri)

311 3513 565 3609 colluctandi3
603 3515 757 3615 quibus,
787 3516 819 3590 si
850 3517 1012 3606 caderet,
1045 3516 1272 3614 expectabat
1303 3514 1424 3588 nese

311 3642 489 3742 proximo
520 3644 631 3720 littus
660 3645 919 3721 Hibernicum
946 3644 1056 3720 caecis
1085 3645 1254 3744 scopulis
1282 3651 1321 3720 et
1349 3645 1423 3718 ire·

311 3772 578 3872 quentissimis
604 3775 819 3874 naufragiis
845 3775 1002 3851 infame.
1058 3774 1160 3850 Vicit
1185 3781 1317 3849 tamen
1344 3772 1382 3846 N
1385 3797 1423 3847 a·

697 3969 726 4016 (⁵)
736 3969 793 4021 The
805 3975 851 4038 top
864 3969 894 4020 of
903 3969 949 4021 the
961 3974 1038 4020 mast.

1585 3535 1587 3664 l
