3226 5556
400 850 729 955 Adnotationes.
802 851 948 955 Notos

159 1082 193 1140 P.
214 1085 258 1141 10.
281 1127 288 1141 .
313 1126 320 1141 .
364 1083 448 1140 navis
451 1126 580 1143 .....
622 1082 671 1140 Ex
694 1081 844 1140 “historia
866 1081 1090 1140 Provinciarum
1106 1080 1232 1138 foedera·

112 1198 227 1264 tarum,
243 1192 418 1264 Baneroft,''
439 1199 558 1252 constat
578 1192 695 1251 Navem
711 1192 831 1262 dictem,
848 1192 940 1250 Arcae
960 1192 1079 1250 nomine
1101 1193 1231 1270 appella-

113 1306 182 1358 tam
204 1299 311 1375 fuisse3
333 1300 450 1358 Navem
472 1302 542 1359 vero
564 1301 707 1358 minorem
727 1299 882 1361 Columbae
901 1300 1028 1359 nomine.
1072 1302 1230 1378 Peregrini

115 1428 196 1486 quos
220 1409 352 1470 Haeresis
373 1410 436 1468 solo
457 1411 556 1488 patrio
571 1416 703 1468 extorres
718 1409 780 1468 fieri
802 1408 995 1485 compulerat,
1011 1427 1070 1467 non
1091 1410 1231 1469 videntur

116 1537 192 1576 casu
208 1518 308 1576 iniisse
324 1521 445 1578 Arcam
459 1519 533 1591 Noe,
550 1525 581 1577 et
600 1519 781 1579 Columbaria
795 1519 813 1575 a
828 1517 1006 1576 Patriarcha
1021 1518 1166 1577 emissam.

162 1783 169 1796 .
193 1783 200 1796 .
245 1737 288 1797 Of
304 1737 356 1796 the
378 1737 443 1814 ship
446 1782 573 1798 .....
620 1738 651 1796 It
672 1755 799 1815 appears
821 1739 895 1797 from
916 1737 967 1796 the
989 1736 1116 1813 History
1131 1737 1164 1795 of
1181 1736 1231 1795 the

119 1847 240 1906 United
262 1847 372 1920 States,
388 1849 428 1924 by
448 1848 601 1920 Bancroft,
617 1847 684 1907 that
697 1848 748 1906 the
771 1847 846 1925 Ship
861 1847 974 1926 spoken
989 1849 1027 1919 of,
1043 1865 1103 1906 was
1124 1847 1233 1905 named

118 1956 173 2014 the
190 1955 277 2026 Ara·
298 1957 354 2014 but
368 1955 435 2014 that
449 1956 499 2014 the
515 1956 634 2014 smaller
649 1956 715 2033 ship
730 1975 790 2014 was
805 1957 902 2015 called
917 1957 968 2015 the
984 1958 1078 2018 Dooe.
1116 1957 1147 2016 It
1162 1957 1233 2015 does

119 2072 176 2124 not
191 2083 270 2125 seem
290 2071 322 2124 to
343 2065 419 2123 have
438 2066 514 2124 been
535 2066 574 2142 by
588 2084 667 2124 mere
684 2065 795 2124 chance
816 2065 883 2125 that
897 2065 948 2124 the
970 2067 1122 2143 PilgrimS,
1138 2067 1234 2125 whom

123 2176 243 2252 Heresy
257 2175 318 2234 had
332 2176 434 2234 forced
447 2182 479 2234 to
495 2176 662 2252 expatriate
676 2177 861 2249 themselves,
878 2177 1039 2236 emberked
1053 2178 1084 2235 in
1099 2178 1149 2238 the
1165 2179 1235 2237 Arlc

122 2286 157 2343 of
175 2284 274 2357 Noah,
291 2285 351 2344 and
364 2285 415 2343 the
431 2287 517 2345 Deae
531 2292 598 2344 sent
612 2286 690 2345 forth
706 2286 809 2363 hythe
825 2286 993 2345 Patriarch.

875 2484 1222 2493 -—-—--——.

144 2669 146 2674 ,
166 2618 233 2696 (Β.)
257 2619 292 2677 P.
313 2621 381 2678 16..
401 2663 407 2676 .
424 2625 623 2694 occupaverat
638 2637 684 2676 me
686 2663 787 2678 .....
834 2618 963 2678 Sanctus
984 2618 1106 2695 quidem
1122 2619 1236 2677 Paulus

122 2747 268 2789 enarrans
289 2730 404 2788 favores
426 2729 482 2787 sibi
497 2729 621 2788 coelitis
637 2747 800 2801 concessos
816 2729 852 2788 de
871 2747 910 2802 se,
926 2737 1071 2805 tanquam
1086 2730 1122 2788 de
1137 2731 1236 2802 tertio,

120 2837 268 2913 loquitur.
314 2837 377 2898 Cur
392 2842 491 2895 antem
507 2837 634 2914 scriptor
649 2837 738 2912 hujus
754 2837 887 2914 epistolae
902 2836 1112 2895 verecundiam
1128 2855 1237 2896 exuere

121 2947 244 3006 videtur
258 2946 289 3003 in
308 2946 501 3023 praedicando
516 2946 553 3004 de
568 2944 690 3024 seipso?
733 2946 826 3004 Fort'e
841 2945 913 3023 quia
928 2946 1059 3004 scribens
1075 2964 1128 3004 suo
1145 2946 1239 3024 Supe-

121 3056 206 3128 riori,
222 3056 324 3114 sireis
345 3057 435 3115 fuerit
457 3056 654 3116 Provincialis
670 3055 791 3133 Angliae
807 3063 860 3116 aut
881 3057 1037 3118 Generalis
1058 3059 1237 3136 praepositus

125 3165 297 3238 Societatis,
319 3166 467 3242 integram
493 3165 680 3224 conscientia
701 3165 848 3224 rationem
874 3166 1063 3225 manifestare
1087 3168 1235 3244 cupiebat.

125 3274 281 3351 Quicquid
296 3274 328 3332 id
343 3280 396 3346 est,
413 3292 472 3331 non
487 3280 606 3332 constat
620 3273 687 3350 quis
702 3274 752 3332 ille
768 3275 861 3333 Pater
875 3275 966 3333 fuerit
980 3277 998 3333 a
1013 3293 1072 3351 quo
1086 3276 1133 3334 hae
1148 3278 1239 3354 scrip·

123 3393 167 3445 tae
181 3389 252 3444 sunt
265 3385 381 3458 litterae,
397 3403 494 3461 neque
510 3385 549 3443 ad
564 3403 652 3461 quem
666 3386 856 3445 transmissa.

170 3495 312 3572 Superior
327 3495 481 3554 Missionis
496 3495 696 3568 Marilandiae,
713 3513 772 3569 eas,
785 3502 818 3554 ut
832 3496 990 3555 verisimile
1006 3503 1059 3569 est,
1075 3497 1241 3575 scripserim

125 3604 181 3663 sed
202 3604 292 3676 nullo,
315 3604 396 3681 qnod
421 3605 521 3675 sciam,
544 3610 722 3681 argumento
743 3604 887 3678 firmatur,
909 3605 965 3664 hoc
986 3606 1081 3665 officio
1102 3579 1237 3666 functum

126 3733 192 3773 esse
207 3715 330 3773 Patrem
344 3714 500 3774 Andream
516 3713 618 3774 white
634 3714 750 3792 (Vltus
768 3720 800 3773 ut
816 3699 938 3774 annales
953 3717 1046 3775 nostri
1062 3736 1129 3775 eum
1143 3718 1236 3776 latine

5 3849 6 3856 ¹
125 3826 251 3904 vocant)
274 3826 374 3884 utrirm
399 3825 493 3884 Pater
519 3825 654 3884 Joanncs
679 3825 786 3897 Brock,
811 3827 926 3900 (veram
953 3827 1014 3901 ejus
1039 3845 1146 3885 nomen
1171 3834 1237 3886 crat

126 3935 150 3994 J
152 3953 219 3993 oon.
236 3934 382 4012 Morgan)
399 3934 485 3992 sociis
500 3933 659 4011 praefuerit,
672 3951 719 3991 res
734 3935 824 3992 estin
839 3935 939 4006 dubio,
955 3937 1125 4012 quanquam
1140 3938 1236 4012 magis

127 4046 168 4104 nd
182 4029 338 4104 veritatem
355 4044 495 4104 accedere
510 4044 629 4103 videtur
643 4063 710 4102 eum
725 4062 784 4102 non
805 4044 958 4121 praefuisse
974 4045 1044 4102 ante
1059 4063 1169 4103 annum
1183 4083 1231 4106 -.

128 4155 190 4216 Sed
206 4156 240 4213 P.
253 4155 425 4226 Androeam,
438 4155 456 4212 a
469 4172 528 4231 quo
540 4154 663 4231 perinde
675 4155 801 4212 decebat
815 4153 868 4212 has
880 4154 946 4212 dari
957 4153 1072 4212 litteras
1088 4156 1127 4214 ad
1142 4156 1181 4216 A.
1195 4158 1233 4217 R.

129 4269 162 4327 P.
180 4265 358 4328 Generalem
379 4264 557 4342 ipsum-ad
578 4264 663 4322 illum
684 4265 762 4322 enim
784 4265 903 4323 directae
924 4264 1072 4337 videntur,
1095 4266 1234 4342 quoniam

127 4395 203 4446 eum,
220 4376 259 4434 ad
273 4392 360 4452 quem
377 4373 488 4446 scribit,
503 4374 593 4432 titulo
608 4373 742 4450 appellat
756 4375 962 4433 Palermlalis
975 4378 1092 4446 vestrae,
1109 4380 1143 4434 ut
1157 4375 1236 4434 vide·

127 4491 175 4544 tur
190 4486 221 4542 in
235 4484 281 4542 his
296 4483 404 4542 litteris
420 4483 496 4558 Peg.
516 4484 562 4544 27.

259 4594 299 4658 19
715 4592 775 4654 101
