3198 5562
822 553 872 628 34

291 791 379 865 quae
404 791 475 865 per
499 766 751 866 interpretem
775 767 992 845 Henricum
1020 770 1142 864 Fleet,
1161 769 1292 869 (plura
1310 769 1401 844 vide

293 899 342 973 de
375 897 450 974 isto
485 898 580 997 Peg.
616 901 694 995 35.)
729 901 777 975 de
811 899 1019 998 gentilium
1050 900 1247 976 erroribus
1282 898 1404 998 expli·

293 1026 408 1122 canti,
431 1026 599 1104 libenter
620 1053 733 1104 aures
760 1030 889 1122 dabat,
914 1055 1004 1105 suos
1028 1029 1243 1106 identidem
1268 1053 1406 1126 agnos-

293 1181 404 1234 cens:
433 1165 553 1258 utque
579 1161 763 1257 (etcum)
789 1162 947 1236 edoctus
978 1165 1067 1258 (est)
1095 1185 1176 1254 nos,
1205 1185 1282 1234 non
1308 1157 1404 1234 belli
1471 1191 1476 1198 ·

293 1289 420 1382 taust,
448 1290 516 1365 sed
543 1288 824 1365 benevolentiae
857 1289 995 1389 gratit,
1031 1292 1076 1366 eo
1111 1289 1321 1388 appulisse,
1358 1294 1404 1362 ut

293 1428 449 1520 gentem
492 1422 631 1497 rudem
666 1419 847 1496 civilibus
886 1421 1092 1519 praeceptis
1127 1419 1404 1511 imbueremus,

294 1554 332 1624 et
359 1549 466 1625 viam
497 1551 547 1625 od
577 1549 716 1625 ceolum
747 1549 999 1650 aperiremus,
1032 1548 1149 1625 simul
1183 1547 1404 1647 Regionum

293 1679 596 1780 longinquarum
648 1683 808 1755 comoda
850 1679 898 1754 iis
949 1678 1228 1778 impertituros
1273 1681 1405 1777 gratos

271 1809 498 1886 ,advenisse
533 1809 779 1887 monstravit.
832 1810 1031 1911 Interpres
1066 1815 1149 1885 erat
1176 1833 1223 1884 ex
1249 1809 1403 1883 Protes-

293 1939 468 2014 tantibus
499 1937 703 2036 Virginiae.
756 1939 896 2038 Itaque
926 1939 1015 2013 cinn
1051 1939 1177 2036 plura,
1209 1961 1281 2035 pro
1306 1941 1404 2009 tem·

293 2092 398 2166 pore,
418 2067 606 2143 disserere
632 2093 708 2142 non
736 2076 867 2167 posset
892 2068 1021 2160 Pater,
1043 2065 1225 2167 promisit
1251 2091 1302 2158 se,
1325 2089 1403 2139 non

293 2198 350 2272 itai
375 2196 500 2272 multo
525 2203 624 2296 post,
651 2222 913 2274 reversurum.
968 2199 1046 2274 “Id
1073 2195 1171 2272 mihi
1198 2193 1404 2272 exanimo

294 2323 444 2415 accidit,
475 2323 604 2423 inquit
638 2324 812 2418 arehihd,
846 2346 923 2401 una
953 2319 1089 2400 menet
1119 2331 1293 2399 utemur:
1327 2321 1406 2396 mei

294 2479 446 2553 quoque
481 2451 636 2528 asseclae
672 2448 746 2553 pro
770 2461 808 2529 te
837 2459 1023 2530 venatum
1057 2452 1184 2545 ibunt,
1212 2456 1406 2548 eruntque

293 2583 396 2660 inter
422 2607 493 2658 nos
518 2582 650 2658 omnia
676 2581 936 2659 communia.”
975 2615 980 2624 ·

344 2713 450 2790 Hinc
473 2712 573 2788 itum
598 2715 647 2789 ad
667 2710 1027 2812 Pusmtmonyaubi
1055 2691 1189 2786 omnes
1216 2712 1267 2786 ad
1293 2735 1406 2784 arma

293 2842 559 2918 convolarunt.
612 2841 825 2941 Quingenti
851 2840 1003 2918 circiter
1029 2844 1196 2915 arcubus
1224 2837 1406 2914 instructi

292 2971 334 3046 in
369 2971 500 3048 littore
542 2973 630 3047 clim
674 2973 915 3071 Imperatore
957 2969 1221 3047 constiterant.
1273 2969 1405 3068 Signis

292 3101 398 3200 pacis
426 3099 539 3194 datis,
568 3102 798 3200 Imperator,
826 3106 933 3176 metu
959 3097 1096 3198 posito,
1124 3097 1290 3174 celocem
1317 3122 1405 3171 con·

292 3229 452 3325 scandit,
489 3237 528 3306 et
561 3230 694 3306 audito
727 3237 949 3306 nostrorum
984 3227 1184 3322 benevolo,
1216 3229 1405 3326 argaeos

292 3363 426 3456 gentes
461 3357 592 3433 animo
620 3358 844 3434 facultatem
880 3356 998 3450 dedit,
1027 3357 1104 3454 qud
1129 3353 1286 3454 imperii
1321 3353 1405 3452 ejus

293 3493 405 3590 parte
430 3487 633 3582 vcllemus,
661 3485 877 3564 habitandi.
