3200 5530
850 593 900 668 25

317 811 411 900 erat,
430 806 518 880 crim
537 806 774 906 appulimus,
807 789 857 882 'N
860 807 907 882 isi
926 807 1144 907 frequentes
1163 807 1270 883 venti
1289 814 1424 882 aestum

316 941 588 1035 temperarent,
625 936 879 1035 impossibilis
914 945 1015 1013 esset
1048 937 1249 1012 habitatin.
1320 936 1427 1012 Lecti

316 1067 488 1164 stragula
518 1065 638 1140 vestis
666 1091 712 1142 ex
742 1065 912 1165 gossipio
944 1067 1090 1142 affabre
1119 1072 1246 1158 texta3
1285 1066 1325 1140 in
1357 1067 1427 1140 hae

316 1195 405 1269 cum
437 1201 496 1269 est
529 1194 751 1293 quiescendi
785 1202 952 1293 tempuS,
981 1195 1140 1271 funibus
1176 1196 1350 1293 appense
1380 1197 1429 1271 ad

317 1327 412 1399 duos
443 1324 534 1413 hine
564 1324 655 1400 inde
686 1325 806 1423 palea,
838 1325 1059 1418 dormiunt3
1100 1328 1148 1401 de
1178 1325 1251 1418 die,
1284 1324 1427 1399 iterum

315 1454 680 1554 quacumquelibet,
700 1455 893 1530 auferunt.
939 1455 1089 1530 Merces
1108 1454 1317 1553 praecipuae
1336 1461 1428 1529 sunt

315 1583 556 1658 frumentum
586 1589 625 1657 et
654 1582 882 1681 gessipium.
950 1583 1176 1659 Jucundum
1205 1591 1264 1658 est
1295 1582 1427 1658 videre

315 1713 474 1786 modum
510 1717 549 1785 et
579 1709 729 1809 copiam
765 1711 971 1810 pendentis
1006 1738 1053 1788 ex
1082 1713 1218 1788 arbore
1252 1712 1426 1810 gossipii.

315 1843 446 1917 Arbor
475 1841 707 1940 (arbuscula,
737 1843 880 1943 frutex)
918 1869 965 1920 ex
996 1845 1073 1943 qua
1101 1842 1272 1918 nascitur
1306 1843 1430 1940 major

315 1995 392 2044 non
415 1977 474 2045 est
499 1971 739 2069 oxyacantho
758 1971 894 2071 (quam
913 1972 1056 2070 vulgus
1083 1971 1270 2048 Berberia
1297 1972 1426 2046 albam

315 2099 468 2198 apinam
488 2101 614 2200 vocat)
638 2103 862 2200 quanquam
887 2101 1016 2176 arbori
1040 2104 1158 2200 quam
1186 2101 1309 2200 spinae
1336 2101 1425 2182 sim·
1505 2088 1511 2108 Χ

315 2234 425 2326 iii0r3
469 2233 552 2308 haee
595 2235 741 2309 nodum
785 2235 861 2309 fert
904 2233 1173 2332 magnitudine
1211 2233 1425 2332 juglandia

314 2365 439 2438 forme
473 2362 646 2456 acutiori,
679 2363 746 2461 qui
782 2363 821 2437 in
863 2371 1030 2464 quatuor
1063 2372 1193 2462 partes
1228 2363 1426 2456 dissertur,

315 2490 530 2590 gessipium
568 2489 659 2564 nive
694 2489 898 2564 candidius
938 2497 976 2564 et
1009 2490 1147 2588 pluma
1182 2489 1350 2583 mollius,
1387 2489 1427 2563 in

315 2619 481 2718 speeiem
515 2618 623 2695 nucis
652 2618 924 2716 convolutum„
945 2619 1085 2694 fundit.
1150 2619 1330 2718 Gessipio
1361 2644 1427 2693 sex
1448 2630 1465 2646 ⁸

313 2773 437 2846 parva
465 2746 614 2824 semina
649 2746 820 2822 insident
853 2750 951 2822 viciae
977 2747 1164 2847 aequalia:
1204 2750 1307 2848 qued
1334 2754 1428 2823 tem-

313 2901 406 2976 pere
449 2901 518 2951 sue
553 2875 768 2968 collectum,
804 2882 842 2950 et
876 2877 961 2951 rota
1004 2879 1173 2975 quadam
1217 2878 1240 2951 a
1281 2875 1428 2950 semine

314 3006 537 3103 expeditum
564 3006 736 3080 rendunt
762 3004 802 3077 in
830 3028 968 3096 saccea,
991 3012 1030 3080 et
1056 3008 1277 3081 adservant.

364 3135 587 3210 Bessicae>
604 3158 726 3232 genus
753 3103 1013 3208 adrniranduni
1034 3143 1097 3226 est,
1116 3160 1203 3233 qum
1230 3135 1318 3210 cum
1343 3160 1426 3209 eau-

313 3264 391 3339 lem
426 3265 566 3338 habeat
601 3263 642 3336 in
681 3263 765 3338 180.
801 3264 946 3359 pedum
982 3262 1242 3355 altitudinem,
1279 3287 1424 3336 exeres-

314 3401 475 3486 centem,
503 3394 567 3468 vel
595 3395 714 3468 cruda
741 3391 870 3468 editur
898 3393 960 3467 vel
988 3391 1101 3467 elixa.
1167 3392 1298 3466 Caulis
1328 3392 1421 3490 ipse,

314 3527 364 3601 ad
391 3522 506 3599 unius
534 3523 638 3598 ulnae
665 3547 899 3615 mensuram,
928 3523 1000 3600 sub
1027 3523 1153 3600 fructa
1180 3524 1193 3621 (
1409 3522 1422 3621 )

313 3655 479 3729 habetur
505 3652 545 3726 in
573 3651 733 3727 deliciis,
796 3651 960 3745 OruduS,
989 3654 1145 3730 admeto
1172 3651 1317 3749 pipere,
1346 3674 1427 3724 ear·

313 3787 435 3859 duum
463 3780 723 3880 Hispanicum
751 3779 957 3877 (artishek)
978 3789 1153 3878 superat:
1182 3787 1220 3854 et
1241 3778 1424 3877 juglandi

438 3992 666 4060 (ttCubbege-tree
679 3991 722 4046 vel
735 4008 813 4042 areca
825 3992 942 4044 oleracea
956 3990 1066 4058 (family
1078 3990 1109 4040 of
1118 3990 1164 4041 the
1178 3990 1292 4057 Parme.)
