3200 5530
812 607 861 684 18

279 847 465 923 prospero
494 825 555 900 usi
590 849 737 901 sumus.
805 825 1049 901 'Verebamur
1080 825 1235 918 Turcas,
1266 821 1394 897 nullos

278 962 412 1030 tamen
439 956 650 1032 habuimus
666 955 822 1032 obvios:
850 962 1078 1055 receperant
1098 981 1139 1032 se
1164 957 1327 1030 fortasse
1344 953 1395 1027 ad

281 1085 452 1160 solemne
474 1085 670 1184 jejunium
697 1088 800 1184 quod
821 1086 904 1184 jam
1132 1090 1275 1160 vocant
1299 1080 1395 1156 cele·

280 1213 493 1305 brandum;
528 1213 709 1288 inillam
740 1212 846 1288 enim
875 1212 967 1288 anni
998 1218 1270 1312 tempestatem
1300 1208 1394 1284 inci-

281 1343 408 1420 debat.
461 1342 711 1418 Praetervecti
738 1349 867 1418 autem
897 1344 1059 1419 Fretum
1090 1329 1396 1418 Herculeum'et

282 1471 477 1566 Maderas,
508 1479 547 1548 et
574 1472 702 1548 ventis
729 1473 752 1546 a
781 1471 906 1570 puppi
933 1472 1021 1547 vela
1052 1470 1282 1546 inflantibus
1313 1469 1394 1570 (qui

281 1623 359 1675 non
389 1601 474 1699 jam
508 1598 611 1698 vagi,
648 1601 716 1676 sed
750 1601 801 1674 ad
844 1604 1019 1675 austrum
1056 1607 1095 1675 et
1129 1598 1293 1674 africum
1328 1595 1394 1696 qui

283 1735 415 1804 noster
440 1735 525 1806 erat
550 1753 685 1805 cursus
708 1729 929 1803 constanter
955 1729 1105 1828 sedent)
1128 1731 1396 1827 apparuerunt

282 1867 361 1934 tres
388 1883 507 1934 naves
534 1884 700 1958 quarum
727 1883 806 1934 una
832 1865 1003 1935 nostram
1032 1858 1134 1934 mole
1164 1858 1393 1958 superabat3

283 1988 429 2064 distare
464 1995 595 2064 autem
621 1988 857 2064 videbantur
883 1990 933 2063 ad
967 1993 1046 2063 tres
1081 1987 1233 2064 circiter
1266 1988 1395 2063 leucas

286 2118 442 2216 (novem
469 2115 670 2216 milliaris)
702 2116 839 2190 versus
866 2115 1115 2211 occidentem,
1135 2123 1173 2192 et
1199 2115 1311 2191 nobis
1329 2115 1393 2190 ob·

281 2247 388 2322 viam
424 2246 575 2322 conari:
618 2246 817 2322 interdum
853 2245 970 2321 etiam
1005 2249 1055 2322 ad
1089 2245 1258 2322 invicem
1294 2245 1396 2320 ultro

283 2375 456 2475 citroque
473 2375 628 2451 mittere
646 2383 683 2450 et
709 2374 939 2474 percontari.
992 2373 1091 2450 Cum
1109 2375 1397 2474 suspicaremur

282 2529 365 2581 esse
396 2504 611 2581 Turcarum
643 2502 844 2598 Piraticas‚
872 2503 1172 2602 expediebamus
1203 2515 1394 2604 quaecum·

280 2661 356 2735 que
380 2638 430 2712 ad
456 2661 629 2735 pugnam
657 2641 767 2710 erant
795 2634 1021 2710 necessaria.
1074 2636 1210 2734 Neque
1237 2639 1397 2711 deerant

280 2789 328 2839 ex
355 2763 498 2838 nostris
524 2763 591 2862 qui
618 2763 872 2838 Navarchum
899 2762 1191 2861 imprudentius
1220 2766 1396 2840 stimula-

197 2975 200 2980 ,
278 2900 377 2988 rent,
397 2900 441 2969 ut
464 2919 528 2970 eas
555 2895 659 2970 ultro
685 2897 962 2993 aggrederetur
981 2921 1024 2970 ac
1050 2896 1265 2973 lacesseret.
1319 2899 1395 2973 Sed

281 3024 494 3100 Dominum
522 3025 699 3118 habebat,
728 3024 800 3118 cui,
828 3051 917 3100 cum
945 3028 1146 3102 reddenda
1173 3035 1257 3102 erat
1282 3027 1393 3104 ratio.

279 3153 522 3251 probabilem
549 3177 590 3227 se
617 3177 730 3250 posse
756 3176 900 3250 pugnae
930 3177 1087 3227 causam
1115 3155 1254 3230 afferre
1282 3153 1392 3229 dubi·

279 3283 399 3358 tabat.
452 3283 505 3358 Et
522 3283 680 3382 quidem
698 3281 920 3356 conflictum
940 3282 1136 3358 difficilem
1164 3284 1391 3360 habiturum

280 3411 399 3486 fuisse
425 3411 624 3486 existimo:
666 3410 890 3508 quanquam
922 3411 1095 3504 fortasse,
1124 3413 1313 3510 quantum
1346 3412 1394 3486 ab

280 3541 360 3616 illis
387 3542 649 3635 nos,tanti1m
678 3565 746 3614 nos
777 3538 837 3613 illi
864 3541 1110 3617 metuebant:
1140 3550 1179 3618 et
1201 3549 1323 3636 erant,
1352 3549 1396 3617 ut

280 3671 500 3770 conjectura
526 3695 719 3770 assequor,
739 3674 970 3745 mercatores
996 3671 1063 3769 qni
1082 3674 1133 3747 ad
1159 3673 1395 3747 Fortunatas

281 3827 358 3876 non
376 3800 511 3900 procul
539 3800 695 3876 dissitas
713 3799 945 3892 tendebant3
974 3809 1012 3876 et
1030 3802 1092 3876 vel
1121 3827 1196 3878 non
1216 3807 1397 3900 poterant

282 3956 352 4008 nos
380 3930 544 4030 assequi,
564 3931 628 4006 vel
655 3929 850 4005 nolebant.
