3198 5562
832 545 883 616 55

302 760 476 837 maxima
517 786 606 836 cum
651 758 851 860 patientia,
889 759 1113 836 humilitate
1156 784 1200 833 ac
1241 759 1436 832 fervente

301 889 491 966 charitate
524 889 753 984 exantlatos,
790 889 926 965 morbo
959 889 1045 964 tium
1080 895 1284 990 grassante
1322 885 1435 962 forte

302 1025 503 1120 correptus
538 1019 724 1095 miseram
769 1019 868 1095 hanc
903 1019 1026 1094 vitam
1070 1044 1160 1094 cum
1203 1013 1436 1094 immortali

302 1148 466 1225 feliciter
489 1147 714 1224 coinutavit.

354 1277 479 1367 Quem
505 1276 624 1353 etiam
651 1301 753 1353 unus
779 1302 826 1352 ex
855 1277 1052 1372 Patribus,
1075 1277 1235 1376 juvenis
1259 1275 1433 1375 quidem

303 1409 371 1484 sed
397 1409 446 1483 ob
474 1413 705 1506 praestantes
732 1407 853 1483 animi
880 1410 1000 1502 doteS,
1028 1433 1184 1506 magnae
1209 1406 1328 1506 plane
1359 1429 1432 1480 ex-

304 1533 544 1634 pectationis,
581 1535 843 1634 subsequutus
877 1541 947 1610 est.
1013 1535 1092 1610 Vix
1127 1535 1225 1610 duos
1264 1555 1430 1608 menses

236 1697 238 1708 ·
304 1664 345 1739 in
371 1663 444 1739 hae
470 1663 654 1739 missione
679 1670 932 1763 transegerat,
951 1665 1052 1762 oium,
1075 1663 1272 1739 communi
1298 1662 1429 1760 hujus

305 1793 475 1870 Coloniae
493 1793 737 1892 aegritudine,
756 1795 778 1868 d
795 1795 873 1894 quat
890 1794 1010 1870 trium
1029 1795 1268 1892 reliquorum
1287 1793 1426 1868 Sacer-

305 1925 440 2000 dotum
476 1924 610 1999 nullus
644 1923 852 1999 incolumis
886 1925 1022 2018 evasit,
1059 1949 1201 2023 magno
1241 1921 1425 1998 omnium

305 2051 437 2128 dolore
465 2051 679 2128 exstinctus
708 2060 786 2129 est:
826 2077 903 2128 non
933 2053 1155 2129 destitimus
1184 2057 1316 2134 tamen
1348 2075 1425 2152 pro

306 2178 424 2274 virili,
451 2204 609 2280 operam
638 2180 679 2256 in
708 2181 905 2279 proximos
933 2180 1209 2280 impenderem>

357 2309 408 2384 Et
453 2309 634 2409 quamvis
678 2310 852 2384 nondum
887 2308 989 2385 inter
1031 2310 1217 2384 barbaros
1261 2331 1424 2384 manere

307 2438 418 2513 nobis
446 2463 517 2537 per
546 2437 664 2536 hujus
693 2437 864 2513 Coloniae
891 2439 1154 2513 moderatores
1182 2437 1305 2531 licuit,
1334 2438 1422 2512 tium

307 2574 466 2666 propter
508 2566 788 2643 invalescentes
831 2566 1095 2665 aegritudines,
1131 2567 1217 2642 tinn
1260 2573 1424 2666 propter

307 2702 416 2771 actus
450 2695 612 2771 hostiles
646 2721 742 2794 quos
777 2695 935 2771 barbari
970 2695 1010 2771 in
1046 2697 1200 2795 Anglos
1231 2701 1421 2787 exercent,

308 2849 385 2899 uno
420 2850 467 2900 ex
510 2825 582 2900 hae
617 2824 788 2920 Oolonid,
825 2825 892 2926 qui
935 2825 1038 2901 inter
1072 2826 1160 2902 illos
1200 2823 1422 2902 commercii

307 2955 435 3053 gratita
477 2956 707 3031 versabatur
748 2955 995 3054 interempta,
1040 2963 1079 3032 et
1121 2953 1256 3032 contra
1298 2963 1421 3031 totam

307 3090 462 3182 gentem
482 3084 748 3182 conjuratione
766 3109 918 3183 quoque
935 3085 1049 3178 factat,
1069 3109 1272 3183 speramus
1290 3091 1421 3178 tamen

308 3213 419 3289 brevi
452 3239 574 3289 unum
605 3240 653 3290 ex
684 3214 827 3289 nostris
856 3214 960 3310 inter
993 3216 1180 3290 barbaros
1212 3214 1420 3290 stationem

309 3342 623 3441 impetraturum.
693 3345 849 3419 Interea
879 3344 1078 3443 temporis,
1109 3345 1238 3444 anglis
1271 3344 1421 3443 impen-

311 3471 392 3547 siils
426 3496 631 3548 vacamus:
667 3473 832 3572 cumque
866 3473 907 3548 in
944 3473 1103 3548 bolonia
1134 3475 1215 3548 tam
1251 3472 1421 3548 Protest·

312 3608 421 3677 antes
452 3601 569 3700 quarn
601 3601 789 3677 Catholici
818 3601 908 3696 sint,
938 3602 1113 3703 utrisque
1143 3602 1422 3696 laboravimus,

313 3737 352 3807 et
386 3730 491 3806 Deus
526 3730 725 3807 laboribus
760 3731 968 3810 benedixit.
