3198 5562
802 525 851 603 57

262 740 429 840 jacebat,
466 741 665 823 dormiret.
734 741 1002 818 Nihilominus
1037 745 1216 819 sacerdos
1250 768 1385 821 omnes

268 878 429 972 captans
464 872 605 967 editus,
638 877 747 948 nocte
782 872 1027 972 intempeste,
1060 873 1149 949 edm
1184 877 1386 952 custodem

269 1025 404 1077 somno
432 1000 600 1078 maxime
626 1025 856 1100 oppressum
883 1002 1074 1096 credebat,
1094 1002 1200 1077 viam
1220 1001 1383 1097 invenit,

268 1133 337 1209 illo
356 1159 433 1209 non
459 1133 634 1227 excitat0,
653 1135 703 1209 ad
727 1132 928 1208 infirmum
955 1133 1197 1232 penetrandi,
1217 1121 1385 1233 eumque

267 1264 465 1340 volentem
495 1261 537 1339 in
569 1261 781 1338 Ecclesiam
813 1260 984 1337 admisit.
1048 1261 1102 1337 Et
1131 1261 1313 1361 quamvis
1341 1261 1383 1338 in

267 1391 347 1467 illis
382 1391 574 1491 angustiis
606 1416 682 1466 non
718 1390 888 1466 multum
923 1396 1055 1489 posset
1089 1415 1192 1488 aeger
1225 1389 1382 1494 instrui,

269 1527 339 1596 aut
381 1521 616 1620 magnopere
659 1518 891 1613 confirmari,
927 1525 1071 1612 tamen,
1107 1521 1196 1593 cum
1239 1526 1385 1619 praeter

269 1674 424 1726 omnem
466 1675 575 1749 spem
612 1651 635 1725 a
669 1649 861 1748 Chirurgo
905 1655 1039 1723 nostro
1073 1654 1234 1723 sanatus
1269 1656 1382 1742 esset,

269 1777 404 1854 divina
427 1779 666 1878 praevalente
687 1778 813 1877 gratie
837 1776 967 1876 potius
985 1775 1104 1876 elegit
1125 1775 1293 1875 hospitio
1312 1801 1383 1852 suo

268 1907 366 2007 ejici,
385 1909 503 2008 quam
529 1915 738 1984 retractare
756 1907 860 2006 quod
886 1907 1049 1998 iecerat,
1077 1904 1171 2005 quin
1194 1905 1384 1981 etiamad

269 2062 338 2112 nos
357 2036 460 2113 ultrd
477 2036 650 2131 veniens,
669 2036 884 2135 incoeptum
903 2060 1001 2133 opus
1023 2034 1186 2110 feliciter
1207 2033 1380 2134 perfecit.

318 2166 456 2242 Alium
475 2167 695 2266 quemdam,
715 2166 855 2240 unuse
879 2163 1034 2240 Nostris
1053 2166 1103 2240 ad
1125 2163 1381 2240 orthodoxam

268 2297 385 2372 fidem
412 2295 526 2372 nixus
553 2297 755 2388 adducere,
774 2294 939 2393 rejectus
966 2301 1025 2370 est
1051 2295 1100 2371 ab
1126 2294 1195 2369 illo
1222 2318 1380 2392 respon·

269 2426 404 2501 dente:
444 2426 582 2524 “quod
613 2424 786 2500 vovisset
815 2450 856 2500 se
887 2426 1090 2523 nunquam
1120 2425 1238 2500 fidem
1268 2423 1381 2499 illam

268 2554 580 2653 amplexurum.''
634 2554 758 2629 Pauld
784 2560 873 2652 post
896 2553 937 2627 in
964 2553 1145 2628 morbum
1173 2552 1236 2628 hio
1262 2551 1382 2627 miser

267 2681 416 2776 incidit,
448 2690 487 2758 et
516 2683 637 2781 prope
668 2683 718 2758 ad
748 2689 921 2757 extrema
952 2683 1141 2757 deductus
1173 2688 1242 2774 est,
1274 2686 1379 2755 ante·

267 2812 386 2910 quem
438 2811 555 2886 Pater
597 2813 646 2886 de
693 2810 900 2910 aegrotanti
943 2817 1177 2904 moneretur,
1222 2808 1382 2885 advolat

267 2946 399 3015 tamen
426 2939 493 3015 ille
519 2939 694 3033 festinus,
714 2946 752 3014 et
777 2938 979 3038 privatum
997 2937 1103 3012 omni
1131 2962 1248 3013 sensu
1274 2936 1379 3012 infir·

267 3094 389 3162 mum,
433 3068 647 3168 spirantem
690 3075 821 3144 tamen
864 3064 1030 3166 reperit3
1075 3073 1207 3142 monet
1248 3065 1381 3165 itaque

267 3205 464 3275 curatores
491 3205 536 3274 ut
561 3196 791 3274 nutrimenti
818 3194 968 3294 aliquid
994 3218 1064 3292 per
1090 3193 1311 3289 intervalla,
1338 3193 1379 3268 in

267 3347 321 3418 oe,
357 3350 461 3424 aegro
494 3324 698 3420 instillent,
734 3329 949 3421 vocantque
984 3345 1035 3413 se,
1072 3319 1105 3395 si
1140 3321 1295 3419 quando
1330 3321 1380 3395 ad

268 3478 404 3530 sensus
438 3454 506 3530 ille
536 3454 692 3530 rediret.
758 3454 922 3529 Factum
953 3448 994 3544 id
1029 3449 1218 3549 postridie
1234 3451 1378 3544 mane,
