<?xml version="1.0" encoding="UTF-8"?>
<!DOCTYPE html PUBLIC "-//W3C//DTD XHTML 1.0 Transitional//EN"
    "http://www.w3.org/TR/xhtml1/DTD/xhtml1-transitional.dtd">
<html xmlns="http://www.w3.org/1999/xhtml" xml:lang="en" lang="en">
 <head>
  <title>
</title>
<meta http-equiv="Content-Type" content="text/html;charset=utf-8" />
  <meta name='ocr-system' content='tesseract 3.04.00' />
  <meta name='ocr-capabilities' content='ocr_page ocr_carea ocr_par ocr_line ocrx_word'/>
</head>
<body>
  <div class='ocr_page' id='page_1' title='image "./relatioitineris01dalrgoog_0019.png"; bbox 0 0 3200 5530; ppageno 0'>
   <div class='ocr_carea' id='block_1_1' title="bbox 809 587 856 660">
    <p class='ocr_par' dir='ltr' id='par_1_1' title="bbox 809 587 856 660">
     <span class='ocr_line' id='line_1_1' title="bbox 809 587 856 660; baseline 0 0"><span class='ocrx_word' id='word_1_1' title='bbox 809 587 856 660; x_wconf 91' lang='lat'>11</span> 
     </span>
    </p>
   </div>
   <div class='ocr_carea' id='block_1_2' title="bbox 275 799 1392 2701">
    <p class='ocr_par' dir='ltr' id='par_1_2' title="bbox 275 799 1392 2701">
     <span class='ocr_line' id='line_1_2' title="bbox 275 799 1390 900; baseline -0.001 -24"><span class='ocrx_word' id='word_1_2' title='bbox 275 806 360 876; x_wconf 87' lang='lat' dir='ltr'>tare</span> <span class='ocrx_word' id='word_1_3' title='bbox 390 825 431 876; x_wconf 87' lang='lat' dir='ltr'>so</span> <span class='ocrx_word' id='word_1_4' title='bbox 463 800 642 877; x_wconf 86' lang='lat' dir='ltr'>Londino</span> <span class='ocrx_word' id='word_1_5' title='bbox 674 801 860 877; x_wconf 88' lang='lat' dir='ltr'>nuncium</span> <span class='ocrx_word' id='word_1_6' title='bbox 892 807 931 878; x_wconf 90' lang='lat' dir='ltr'>et</span> <span class='ocrx_word' id='word_1_7' title='bbox 960 801 1124 894; x_wconf 78' lang='lat' dir='ltr'>litterae,</span> <span class='ocrx_word' id='word_1_8' title='bbox 1157 807 1274 900; x_wconf 88' lang='lat' dir='ltr'>atque</span> <span class='ocrx_word' id='word_1_9' title='bbox 1304 799 1390 875; x_wconf 78' lang='lat' dir='ltr'>idco</span> 
     </span>
     <span class='ocr_line' id='line_1_3' title="bbox 277 927 1388 1006; baseline -0.004 0"><span class='ocrx_word' id='word_1_10' title='bbox 277 954 406 1006; x_wconf 86' lang='lat' dir='ltr'>moras</span> <span class='ocrx_word' id='word_1_11' title='bbox 429 927 547 1006; x_wconf 87' lang='lat' dir='ltr'>etiam</span> <span class='ocrx_word' id='word_1_12' title='bbox 575 936 726 1006; x_wconf 75' lang='lat' dir='ltr'>nectere</span> <span class='ocrx_word' id='word_1_13' title='bbox 752 928 999 1006; x_wconf 86' lang='lat' dir='ltr'>videbantur.</span> <span class='ocrx_word' id='word_1_14' title='bbox 1062 930 1138 1004; x_wconf 82' lang='lat' dir='ltr'>Sed</span> <span class='ocrx_word' id='word_1_15' title='bbox 1170 929 1276 1004; x_wconf 87' lang='lat' dir='ltr'>Deus</span> <span class='ocrx_word' id='word_1_16' title='bbox 1303 953 1388 1003; x_wconf 92' lang='lat' dir='ltr'>con-</span> 
     </span>
     <span class='ocr_line' id='line_1_4' title="bbox 276 1057 1390 1158; baseline -0.003 -24"><span class='ocrx_word' id='word_1_17' title='bbox 276 1058 366 1134; x_wconf 88' lang='lat' dir='ltr'>silia</span> <span class='ocrx_word' id='word_1_18' title='bbox 391 1057 547 1135; x_wconf 86' lang='lat' dir='ltr'>diversa</span> <span class='ocrx_word' id='word_1_19' title='bbox 573 1058 741 1158; x_wconf 78' lang='lat' dir='ltr'><strong>abrupit.</strong></span> <span class='ocrx_word' id='word_1_20' title='bbox 795 1059 945 1135; x_wconf 73' lang='lat' dir='ltr'>Eadem</span> <span class='ocrx_word' id='word_1_21' title='bbox 971 1058 1117 1158; x_wconf 75' lang='lat' dir='ltr'>quippe</span> <span class='ocrx_word' id='word_1_22' title='bbox 1145 1063 1256 1133; x_wconf 87' lang='lat' dir='ltr'>nocte</span> <span class='ocrx_word' id='word_1_23' title='bbox 1281 1082 1390 1156; x_wconf 89' lang='lat' dir='ltr'>pros-</span> 
     </span>
     <span class='ocr_line' id='line_1_5' title="bbox 276 1187 1389 1288; baseline -0.003 -24"><span class='ocrx_word' id='word_1_24' title='bbox 276 1213 369 1288; x_wconf 88' lang='lat' dir='ltr'>pero</span> <span class='ocrx_word' id='word_1_25' title='bbox 408 1189 476 1263; x_wconf 91' lang='lat' dir='ltr'>sed</span> <span class='ocrx_word' id='word_1_26' title='bbox 515 1187 647 1264; x_wconf 87' lang='lat' dir='ltr'>valido</span> <span class='ocrx_word' id='word_1_27' title='bbox 681 1187 802 1263; x_wconf 88' lang='lat' dir='ltr'>fiante</span> <span class='ocrx_word' id='word_1_28' title='bbox 841 1195 968 1282; x_wconf 91' lang='lat' dir='ltr'>vento,</span> <span class='ocrx_word' id='word_1_29' title='bbox 1001 1188 1172 1264; x_wconf 88' lang='lat' dir='ltr'>Lembus</span> <span class='ocrx_word' id='word_1_30' title='bbox 1213 1187 1389 1262; x_wconf 90' lang='lat' dir='ltr'>Gallicus</span> 
     </span>
     <span class='ocr_line' id='line_1_6' title="bbox 281 1314 1390 1416; baseline -0.002 -24"><span class='ocrx_word' id='word_1_31' title='bbox 281 1314 364 1416; x_wconf 86' lang='lat' dir='ltr'>(qui</span> <span class='ocrx_word' id='word_1_32' title='bbox 398 1318 533 1392; x_wconf 89' lang='lat' dir='ltr'>eodem</span> <span class='ocrx_word' id='word_1_33' title='bbox 573 1323 689 1416; x_wconf 89' lang='lat' dir='ltr'>portu</span> <span class='ocrx_word' id='word_1_34' title='bbox 723 1316 924 1393; x_wconf 90' lang='lat' dir='ltr'>nobiscum</span> <span class='ocrx_word' id='word_1_35' title='bbox 960 1316 1201 1416; x_wconf 80' lang='lat' dir='ltr'>constiterat)</span> <span class='ocrx_word' id='word_1_36' title='bbox 1240 1316 1390 1390; x_wconf 83' lang='lat' dir='ltr'>solvere</span> 
     </span>
     <span class='ocr_line' id='line_1_7' title="bbox 277 1445 1390 1545; baseline -0.003 -23"><span class='ocrx_word' id='word_1_37' title='bbox 277 1454 443 1534; x_wconf 80' lang='lat' dir='ltr'>coactus,</span> <span class='ocrx_word' id='word_1_38' title='bbox 478 1447 599 1545; x_wconf 78' lang='lat' dir='ltr'>prope</span> <span class='ocrx_word' id='word_1_39' title='bbox 642 1445 768 1522; x_wconf 85' lang='lat' dir='ltr'>abfuit</span> <span class='ocrx_word' id='word_1_40' title='bbox 809 1446 851 1521; x_wconf 94' lang='lat' dir='ltr'>in</span> <span class='ocrx_word' id='word_1_41' title='bbox 888 1453 1060 1522; x_wconf 87' lang='lat' dir='ltr'>nostram</span> <span class='ocrx_word' id='word_1_42' title='bbox 1103 1446 1268 1521; x_wconf 88' lang='lat' dir='ltr'>celocem</span> <span class='ocrx_word' id='word_1_43' title='bbox 1280 1445 1312 1497; x_wconf 73' lang='lat'>(²)</span> <span class='ocrx_word' id='word_1_44' title='bbox 1348 1452 1390 1520; x_wconf 92' lang='lat' dir='ltr'>ut</span> 
     </span>
     <span class='ocr_line' id='line_1_8' title="bbox 277 1571 1390 1673; baseline -0.001 -26"><span class='ocrx_word' id='word_1_45' title='bbox 277 1571 523 1672; x_wconf 81' lang='lat' dir='ltr'>impingeret.</span> <span class='ocrx_word' id='word_1_46' title='bbox 601 1573 677 1648; x_wconf 89' lang='lat' dir='ltr'>Ille</span> <span class='ocrx_word' id='word_1_47' title='bbox 718 1572 851 1673; x_wconf 85' lang='lat' dir='ltr'>igitur,</span> <span class='ocrx_word' id='word_1_48' title='bbox 887 1599 935 1649; x_wconf 93' lang='lat' dir='ltr'>ne</span> <span class='ocrx_word' id='word_1_49' title='bbox 978 1573 1275 1673; x_wconf 86' lang='lat' dir='ltr'>opprimeretur,</span> <span class='ocrx_word' id='word_1_50' title='bbox 1313 1574 1390 1648; x_wconf 71' lang='lat' dir='ltr'>unt</span> 
     </span>
     <span class='ocr_line' id='line_1_9' title="bbox 277 1700 1388 1801; baseline -0.002 -25"><span class='ocrx_word' id='word_1_51' title='bbox 277 1701 441 1801; x_wconf 81' lang='lat' dir='ltr'>praecisa</span> <span class='ocrx_word' id='word_1_52' title='bbox 467 1726 510 1776; x_wconf 88' lang='lat' dir='ltr'>ac</span> <span class='ocrx_word' id='word_1_53' title='bbox 537 1701 739 1800; x_wconf 77' lang='lat' dir='ltr'>deperdita</span> <span class='ocrx_word' id='word_1_54' title='bbox 765 1703 933 1778; x_wconf 73' lang='lat' dir='ltr'>anchora</span> <span class='ocrx_word' id='word_1_55' title='bbox 959 1702 1047 1778; x_wconf 84' lang='lat' dir='ltr'>vela</span> <span class='ocrx_word' id='word_1_56' title='bbox 1073 1704 1166 1777; x_wconf 86' lang='lat' dir='ltr'>dare</span> <span class='ocrx_word' id='word_1_57' title='bbox 1191 1700 1388 1800; x_wconf 87' lang='lat' dir='ltr'>quampri-</span> 
     </span>
     <span class='ocr_line' id='line_1_10' title="bbox 278 1826 1388 1926; baseline -0.001 -24"><span class='ocrx_word' id='word_1_58' title='bbox 278 1829 409 1920; x_wconf 83' lang='lat' dir='ltr'>mi1m3</span> <span class='ocrx_word' id='word_1_59' title='bbox 447 1834 486 1902; x_wconf 89' lang='lat' dir='ltr'>et</span> <span class='ocrx_word' id='word_1_60' title='bbox 515 1826 700 1926; x_wconf 83' lang='lat' dir='ltr'>quoniam</span> <span class='ocrx_word' id='word_1_61' title='bbox 730 1829 774 1902; x_wconf 77' lang='lat' dir='ltr'>eo</span> <span class='ocrx_word' id='word_1_62' title='bbox 805 1827 880 1902; x_wconf 89' lang='lat' dir='ltr'>loci</span> <span class='ocrx_word' id='word_1_63' title='bbox 906 1828 1097 1904; x_wconf 87' lang='lat' dir='ltr'>fluctuare</span> <span class='ocrx_word' id='word_1_64' title='bbox 1127 1827 1388 1926; x_wconf 90' lang='lat' dir='ltr'>periculosum</span> 
     </span>
     <span class='ocr_line' id='line_1_11' title="bbox 278 1954 1390 2055; baseline 0 -23"><span class='ocrx_word' id='word_1_65' title='bbox 278 1964 372 2050; x_wconf 85' lang='lat' dir='ltr'>erat,</span> <span class='ocrx_word' id='word_1_66' title='bbox 399 1954 440 2030; x_wconf 93' lang='lat' dir='ltr'>in</span> <span class='ocrx_word' id='word_1_67' title='bbox 468 1981 575 2030; x_wconf 86' lang='lat' dir='ltr'>mare</span> <span class='ocrx_word' id='word_1_68' title='bbox 600 1958 716 2054; x_wconf 77' lang='lat' dir='ltr'>porro</span> <span class='ocrx_word' id='word_1_69' title='bbox 742 1982 783 2032; x_wconf 89' lang='lat' dir='ltr'>so</span> <span class='ocrx_word' id='word_1_70' title='bbox 809 1956 1005 2033; x_wconf 89' lang='lat' dir='ltr'>dimittere</span> <span class='ocrx_word' id='word_1_71' title='bbox 1031 1956 1199 2032; x_wconf 84' lang='lat' dir='ltr'>festinat.</span> <span class='ocrx_word' id='word_1_72' title='bbox 1253 1957 1390 2055; x_wconf 88' lang='lat' dir='ltr'>Itaque</span> 
     </span>
     <span class='ocr_line' id='line_1_12' title="bbox 278 2084 1390 2186; baseline 0 -25"><span class='ocrx_word' id='word_1_73' title='bbox 278 2113 327 2163; x_wconf 91' lang='lat' dir='ltr'>ne</span> <span class='ocrx_word' id='word_1_74' title='bbox 365 2084 502 2161; x_wconf 87' lang='lat' dir='ltr'>celcris</span> <span class='ocrx_word' id='word_1_75' title='bbox 537 2086 659 2161; x_wconf 85' lang='lat' dir='ltr'>nostri</span> <span class='ocrx_word' id='word_1_76' title='bbox 694 2095 943 2186; x_wconf 88' lang='lat' dir='ltr'>conspectum</span> <span class='ocrx_word' id='word_1_77' title='bbox 982 2089 1245 2186; x_wconf 88' lang='lat' dir='ltr'>perderemus,</span> <span class='ocrx_word' id='word_1_78' title='bbox 1282 2085 1390 2185; x_wconf 88' lang='lat' dir='ltr'>sequi</span> 
     </span>
     <span class='ocr_line' id='line_1_13' title="bbox 278 2215 1388 2316; baseline -0.003 -23"><span class='ocrx_word' id='word_1_79' title='bbox 278 2216 532 2310; x_wconf 69' lang='lat' dir='ltr'>&lt;lecrevimus</span> <span class='ocrx_word' id='word_1_80' title='bbox 559 2215 615 2291; x_wconf 71' lang='lat' dir='ltr'>ita</span> <span class='ocrx_word' id='word_1_81' title='bbox 640 2242 728 2316; x_wconf 85' lang='lat' dir='ltr'>quoe</span> <span class='ocrx_word' id='word_1_82' title='bbox 754 2225 885 2294; x_wconf 82' lang='lat' dir='ltr'>nautae</span> <span class='ocrx_word' id='word_1_83' title='bbox 910 2217 952 2292; x_wconf 91' lang='lat' dir='ltr'>in</span> <span class='ocrx_word' id='word_1_84' title='bbox 984 2243 1054 2293; x_wconf 90' lang='lat' dir='ltr'>nos</span> <span class='ocrx_word' id='word_1_85' title='bbox 1081 2217 1278 2316; x_wconf 82' lang='lat' dir='ltr'>agitarent</span> <span class='ocrx_word' id='word_1_86' title='bbox 1303 2241 1388 2292; x_wconf 92' lang='lat' dir='ltr'>con·</span> 
     </span>
     <span class='ocr_line' id='line_1_14' title="bbox 279 2343 1392 2444; baseline 0.001 -24"><span class='ocrx_word' id='word_1_87' title='bbox 279 2345 378 2439; x_wconf 81' lang='lat' dir='ltr'>silis,</span> <span class='ocrx_word' id='word_1_88' title='bbox 406 2352 498 2422; x_wconf 89' lang='lat' dir='ltr'>sunt</span> <span class='ocrx_word' id='word_1_89' title='bbox 524 2343 723 2444; x_wconf 85' lang='lat' dir='ltr'>dissipata.</span> <span class='ocrx_word' id='word_1_90' title='bbox 751 2345 891 2422; x_wconf 87' lang='lat' dir='ltr'>accidit</span> <span class='ocrx_word' id='word_1_91' title='bbox 915 2346 958 2423; x_wconf 93' lang='lat' dir='ltr'>id</span> <span class='ocrx_word' id='word_1_92' title='bbox 983 2349 1043 2422; x_wconf 79' lang='lat'>23.</span> <span class='ocrx_word' id='word_1_93' title='bbox 1067 2346 1302 2422; x_wconf 89' lang='lat' dir='ltr'>Novembris</span> <span class='ocrx_word' id='word_1_94' title='bbox 1330 2346 1392 2421; x_wconf 90' lang='lat' dir='ltr'>die</span> 
     </span>
     <span class='ocr_line' id='line_1_15' title="bbox 278 2472 1391 2574; baseline -0.004 -24"><span class='ocrx_word' id='word_1_95' title='bbox 278 2476 329 2550; x_wconf 49' lang='grc' dir='ltr'>διο</span> <span class='ocrx_word' id='word_1_96' title='bbox 347 2473 538 2550; x_wconf 81' lang='lat' dir='ltr'>Clementi</span> <span class='ocrx_word' id='word_1_97' title='bbox 556 2477 665 2550; x_wconf 70' lang='lat' dir='ltr'>sacret</span> <span class='ocrx_word' id='word_1_98' title='bbox 681 2474 749 2574; x_wconf 88' lang='lat' dir='ltr'>qui</span> <span class='ocrx_word' id='word_1_99' title='bbox 768 2475 947 2552; x_wconf 86' lang='lat' dir='ltr'>anchorae</span> <span class='ocrx_word' id='word_1_100' title='bbox 965 2475 1150 2574; x_wconf 84' lang='lat' dir='ltr'>alligatus</span> <span class='ocrx_word' id='word_1_101' title='bbox 1168 2480 1207 2549; x_wconf 85' lang='lat' dir='ltr'>et</span> <span class='ocrx_word' id='word_1_102' title='bbox 1224 2472 1264 2547; x_wconf 92' lang='lat' dir='ltr'>in</span> <span class='ocrx_word' id='word_1_103' title='bbox 1284 2496 1391 2546; x_wconf 88' lang='lat' dir='ltr'>maro</span> 
     </span>
     <span class='ocr_line' id='line_1_16' title="bbox 278 2599 1392 2701; baseline -0.005 -23"><span class='ocrx_word' id='word_1_104' title='bbox 278 2605 488 2696; x_wconf 88' lang='lat' dir='ltr'>demersus,</span> <span class='ocrx_word' id='word_1_105' title='bbox 507 2626 688 2677; x_wconf 87' lang='lat' dir='ltr'>coronam</span> <span class='ocrx_word' id='word_1_106' title='bbox 708 2601 886 2701; x_wconf 85' lang='lat' dir='ltr'>martyrii</span> <span class='ocrx_word' id='word_1_107' title='bbox 906 2603 1069 2701; x_wconf 84' lang='lat' dir='ltr'>adeptus</span> <span class='ocrx_word' id='word_1_108' title='bbox 1087 2608 1146 2677; x_wconf 85' lang='lat' dir='ltr'>est</span> <span class='ocrx_word' id='word_1_109' title='bbox 1159 2609 1191 2676; x_wconf 59' lang='lat' dir='ltr'>z*</span> <span class='ocrx_word' id='word_1_110' title='bbox 1218 2599 1301 2674; x_wconf 86' lang='lat' dir='ltr'>“Et</span> <span class='ocrx_word' id='word_1_111' title='bbox 1317 2599 1392 2673; x_wconf 91' lang='lat' dir='ltr'>iter</span> 
     </span>
    </p>
   </div>
   <div class='ocr_carea' id='block_1_3' title="bbox 275 2727 1390 3596">
    <p class='ocr_par' dir='ltr' id='par_1_3' title="bbox 276 2727 1387 2830">
     <span class='ocr_line' id='line_1_17' title="bbox 276 2727 1387 2830; baseline -0.003 -25"><span class='ocrx_word' id='word_1_112' title='bbox 276 2731 446 2830; x_wconf 87' lang='lat' dir='ltr'>praebuit</span> <span class='ocrx_word' id='word_1_113' title='bbox 471 2731 617 2829; x_wconf 90' lang='lat' dir='ltr'>populo</span> <span class='ocrx_word' id='word_1_114' title='bbox 643 2737 757 2806; x_wconf 85' lang='lat' dir='ltr'>terrae</span> <span class='ocrx_word' id='word_1_115' title='bbox 776 2738 819 2806; x_wconf 91' lang='lat' dir='ltr'>ut</span> <span class='ocrx_word' id='word_1_116' title='bbox 844 2738 1027 2808; x_wconf 83' lang='lat' dir='ltr'>enarrent</span> <span class='ocrx_word' id='word_1_117' title='bbox 1052 2729 1250 2806; x_wconf 88' lang='lat' dir='ltr'>mirabilia</span> <span class='ocrx_word' id='word_1_118' title='bbox 1276 2727 1387 2804; x_wconf 89' lang='lat' dir='ltr'>Dei.”</span> 
     </span>
    </p>

    <p class='ocr_par' dir='ltr' id='par_1_4' title="bbox 275 2855 1390 3596">
     <span class='ocr_line' id='line_1_18' title="bbox 324 2855 1388 2956; baseline -0.005 -24"><span class='ocrx_word' id='word_1_119' title='bbox 324 2857 384 2932; x_wconf 89' lang='lat' dir='ltr'>Eo</span> <span class='ocrx_word' id='word_1_120' title='bbox 411 2855 532 2956; x_wconf 84' lang='lat' dir='ltr'>igitur</span> <span class='ocrx_word' id='word_1_121' title='bbox 550 2856 623 2950; x_wconf 87' lang='lat' dir='ltr'>die,</span> <span class='ocrx_word' id='word_1_122' title='bbox 642 2856 785 2932; x_wconf 82' lang='lat' dir='ltr'>iterirm</span> <span class='ocrx_word' id='word_1_123' title='bbox 811 2856 913 2933; x_wconf 77' lang='lat' dir='ltr'>circa</span> <span class='ocrx_word' id='word_1_124' title='bbox 937 2859 1127 2934; x_wconf 84' lang='lat' dir='ltr'>decimam</span> <span class='ocrx_word' id='word_1_125' title='bbox 1152 2856 1388 2932; x_wconf 89' lang='lat' dir='ltr'>matutinam</span> 
     </span>
     <span class='ocr_line' id='line_1_19' title="bbox 276 2982 1388 3084; baseline -0.004 -22"><span class='ocrx_word' id='word_1_126' title='bbox 276 2985 425 3062; x_wconf 82' lang='lat' dir='ltr'>festivis</span> <span class='ocrx_word' id='word_1_127' title='bbox 444 2982 732 3084; x_wconf 85' lang='lat' dir='ltr'>explosionibus</span> <span class='ocrx_word' id='word_1_128' title='bbox 751 2985 910 3061; x_wconf 90' lang='lat' dir='ltr'>salutati</span> <span class='ocrx_word' id='word_1_129' title='bbox 935 2989 958 3062; x_wconf 77' lang='lat' dir='ltr'>a</span> <span class='ocrx_word' id='word_1_130' title='bbox 975 2987 1110 3062; x_wconf 79' lang='lat' dir='ltr'>Castro</span> <span class='ocrx_word' id='word_1_131' title='bbox 1130 2986 1269 3076; x_wconf 79' lang='lat' dir='ltr'>Horat,</span> <span class='ocrx_word' id='word_1_132' title='bbox 1289 3009 1388 3082; x_wconf 79' lang='lat' dir='ltr'>prse-</span> 
     </span>
     <span class='ocr_line' id='line_1_20' title="bbox 275 3114 1389 3214; baseline -0.006 -23"><span class='ocrx_word' id='word_1_133' title='bbox 275 3114 436 3192; x_wconf 86' lang='lat' dir='ltr'>tervecti</span> <span class='ocrx_word' id='word_1_134' title='bbox 463 3139 598 3190; x_wconf 88' lang='lat' dir='ltr'>sumus</span> <span class='ocrx_word' id='word_1_135' title='bbox 629 3115 848 3213; x_wconf 84' lang='lat' dir='ltr'>frequentes</span> <span class='ocrx_word' id='word_1_136' title='bbox 879 3116 1057 3214; x_wconf 87' lang='lat' dir='ltr'>scopulos</span> <span class='ocrx_word' id='word_1_137' title='bbox 1089 3117 1139 3190; x_wconf 85' lang='lat' dir='ltr'>ad</span> <span class='ocrx_word' id='word_1_138' title='bbox 1170 3119 1389 3188; x_wconf 74' lang='lat' dir='ltr'>extremum</span> 
     </span>
     <span class='ocr_line' id='line_1_21' title="bbox 277 3243 1390 3341; baseline -0.004 -23"><span class='ocrx_word' id='word_1_139' title='bbox 277 3243 417 3319; x_wconf 85' lang='lat' dir='ltr'>insulae</span> <span class='ocrx_word' id='word_1_140' title='bbox 447 3244 590 3337; x_wconf 77' lang='lat' dir='ltr'>Vestae,</span> <span class='ocrx_word' id='word_1_141' title='bbox 618 3245 768 3341; x_wconf 80' lang='lat' dir='ltr'>quossi</span> <span class='ocrx_word' id='word_1_142' title='bbox 798 3245 923 3320; x_wconf 80' lang='lat' dir='ltr'>format</span> <span class='ocrx_word' id='word_1_143' title='bbox 954 3271 1045 3320; x_wconf 86' lang='lat' dir='ltr'>acus</span> <span class='ocrx_word' id='word_1_144' title='bbox 1076 3251 1227 3320; x_wconf 85' lang='lat' dir='ltr'>vocant.</span> <span class='ocrx_word' id='word_1_145' title='bbox 1290 3243 1390 3316; x_wconf 82' lang='lat' dir='ltr'>Sunt</span> 
     </span>
     <span class='ocr_line' id='line_1_22' title="bbox 277 3371 1387 3474; baseline -0.006 -24"><span class='ocrx_word' id='word_1_146' title='bbox 277 3380 408 3450; x_wconf 89' lang='lat' dir='ltr'>autem</span> <span class='ocrx_word' id='word_1_147' title='bbox 435 3371 710 3470; x_wconf 81' lang='lat' dir='ltr'>navigantibus</span> <span class='ocrx_word' id='word_1_148' title='bbox 736 3373 876 3447; x_wconf 91' lang='lat' dir='ltr'>terrori</span> <span class='ocrx_word' id='word_1_149' title='bbox 908 3381 1068 3474; x_wconf 91' lang='lat' dir='ltr'>propter</span> <span class='ocrx_word' id='word_1_150' title='bbox 1094 3372 1291 3472; x_wconf 87' lang='lat' dir='ltr'>duplicem</span> <span class='ocrx_word' id='word_1_151' title='bbox 1318 3394 1387 3444; x_wconf 85' lang='lat' dir='ltr'>aes·</span> 
     </span>
     <span class='ocr_line' id='line_1_23' title="bbox 276 3500 1390 3596; baseline -0.006 -16"><span class='ocrx_word' id='word_1_152' title='bbox 276 3511 362 3580; x_wconf 92' lang='lat' dir='ltr'>tum</span> <span class='ocrx_word' id='word_1_153' title='bbox 391 3502 520 3596; x_wconf 85' lang='lat' dir='ltr'>maris,</span> <span class='ocrx_word' id='word_1_154' title='bbox 547 3501 638 3576; x_wconf 88' lang='lat' dir='ltr'>hinc</span> <span class='ocrx_word' id='word_1_155' title='bbox 668 3501 708 3575; x_wconf 94' lang='lat' dir='ltr'>in</span> <span class='ocrx_word' id='word_1_156' title='bbox 736 3527 839 3596; x_wconf 85' lang='lat' dir='ltr'>saxa,</span> <span class='ocrx_word' id='word_1_157' title='bbox 866 3501 976 3579; x_wconf 83' lang='lat' dir='ltr'>illinc</span> <span class='ocrx_word' id='word_1_158' title='bbox 1002 3505 1042 3579; x_wconf 94' lang='lat' dir='ltr'>in</span> <span class='ocrx_word' id='word_1_159' title='bbox 1075 3504 1247 3578; x_wconf 89' lang='lat' dir='ltr'>vicinum</span> <span class='ocrx_word' id='word_1_160' title='bbox 1278 3500 1390 3575; x_wconf 88' lang='lat' dir='ltr'>littus</span> 
     </span>
    </p>
   </div>
   <div class='ocr_carea' id='block_1_4' title="bbox 348 3710 1323 3765">
    <p class='ocr_par' dir='ltr' id='par_1_5' title="bbox 348 3710 1323 3765">
     <span class='ocr_line' id='line_1_24' title="bbox 348 3710 1323 3765; baseline -0.002 -5"><span class='ocrx_word' id='word_1_161' title='bbox 348 3713 490 3764; x_wconf 82' lang='lat' dir='ltr'>(²)Pinace.</span> <span class='ocrx_word' id='word_1_162' title='bbox 816 3713 960 3764; x_wconf 66' lang='lat' dir='ltr'>*Ecclesia</span> <span class='ocrx_word' id='word_1_163' title='bbox 972 3715 1001 3764; x_wconf 94' lang='lat' dir='ltr'>in</span> <span class='ocrx_word' id='word_1_164' title='bbox 1014 3715 1102 3765; x_wconf 89' lang='lat' dir='ltr'>officio</span> <span class='ocrx_word' id='word_1_165' title='bbox 1115 3713 1151 3765; x_wconf 70' lang='lat' dir='ltr'>sa</span> <span class='ocrx_word' id='word_1_166' title='bbox 1166 3710 1323 3764; x_wconf 86' lang='lat' dir='ltr'>Clementis.</span> 
     </span>
    </p>
   </div>
   <div class='ocr_carea' id='block_1_5' title="bbox 0 0 1605 5524">
    <p class='ocr_par' dir='ltr' id='par_1_6' title="bbox 0 0 1605 5524">
     <span class='ocr_line' id='line_1_25' title="bbox 0 0 1605 5524; baseline 0 0"><span class='ocrx_word' id='word_1_167' title='bbox 0 0 1605 5524; x_wconf 95' lang='lat' dir='ltr'> </span> 
     </span>
    </p>
   </div>
  </div>
 </body>
</html>
