3200 5530
829 555 880 630 23

299 773 362 848 vel
389 774 440 848 ad
465 771 611 870 piscem
638 770 678 846 in
707 771 971 848 Greenlamlit
996 773 1256 850 condiendum
1288 773 1409 848 conf·

297 909 402 978 runt.
456 901 577 1002 Copia
599 901 692 977 salis
719 908 835 1000 atque
858 902 975 978 etiam
997 904 1225 1002 Capuanum,
1245 929 1408 1003 quarum

298 1032 428 1110 insula
461 1033 570 1110 ferax
603 1038 673 1125 est,
704 1032 749 1106 eu
783 1056 854 1106 nos
884 1031 1098 1124 invitabat3
1139 1033 1230 1108 natm
1265 1030 1410 1131 alioqui

300 1159 518 1236 habitatore
549 1159 658 1234 nullo
692 1158 826 1235 utitur.
890 1159 1013 1235 Pauci
1042 1160 1197 1236 tantum
1233 1161 1411 1236 Lusitani

301 1291 417 1368 exilio
455 1297 614 1390 propter
649 1291 794 1366 scelera
828 1289 944 1389 pulsi,
980 1290 1115 1386 vitam,
1152 1298 1196 1367 ut
1236 1299 1409 1391 possunt,

299 1426 474 1506 trahunt.
543 1423 622 1499 Vin
660 1424 735 1499 200
769 1421 955 1498 milliaria
989 1401 1302 1522 confeceramus,¹
1323 1425 1411 1498 cum

300 1554 462 1631 mutatis
490 1554 633 1630 iterum
665 1555 923 1660 quorumdam
952 1553 1197 1652 suggestione
1228 1554 1410 1647 consiliis,

300 1711 349 1762 ne
373 1691 611 1762 commeatus
637 1684 678 1759 in
710 1689 819 1758 tanto
846 1683 1009 1759 circuitu
1036 1709 1105 1759 nos
1132 1686 1321 1778 deficeret,
1347 1687 1411 1760 de-

299 1815 480 1891 fleximus
507 1815 557 1889 ad
585 1813 821 1890 Barbadoes,

351 1945 424 2019 Est
449 1967 495 2018 ea
520 1941 729 2017 Garaibum
758 1965 827 2016 seu
855 1941 1083 2018 antillarum
1109 1942 1329 2018 insularum
1359 1943 1413 2018 ul·

299 2073 409 2167 tima,
424 2073 475 2147 ab
492 2076 686 2170 aequatore
701 2073 761 2147 13.
775 2070 962 2168 gradibus
981 2071 1142 2165 distans,
1157 2079 1416 2172 ceterarumq:

305 2205 409 2306 (quae
438 2203 479 2278 in
507 2204 668 2277 modum
697 2203 809 2276 arcus
838 2203 888 2278 ad
918 2227 1040 2301 usque
1073 2203 1211 2279 Sinum
1240 2204 1410 2281 Menios-

300 2358 396 2410 num
422 2333 539 2432 longo
565 2337 691 2408 tractu
722 2333 1023 2432 portenduntur)
1054 2335 1293 2432 granarium.
1347 2338 1413 2411 Ad

299 2463 400 2538 hanc
422 2467 467 2538 ut
492 2460 718 2561 appulimus
744 2445 864 2536 tortio
885 2462 1076 2557 tannarii,
1100 2463 1140 2539 in
1168 2490 1277 2564 spem
1305 2465 1411 2540 veni·

300 2618 389 2670 mus
423 2592 639 2669 multarum
672 2591 993 2667 commoditatum
1028 2595 1077 2668 ab
1112 2595 1248 2671 incolis
1284 2597 1412 2696 anglis

300 2730 339 2800 et
372 2721 656 2821 consanguineo
693 2721 977 2815 Gubernatore3
1023 2727 1090 2801 sed
1128 2725 1413 2825 conspiratione

299 2851 401 2926 factat
428 2849 603 2925 modium
631 2847 750 2924 tritici
782 2848 849 2947 qui
880 2849 922 2924 in
953 2849 1082 2926 insula
1110 2854 1237 2929 medio
1265 2854 1412 2931 floreno

300 2979 458 3078 Belgico
493 2978 685 3072 veniebat,
713 2978 824 3053 nobis
859 3004 937 3054 non
973 2979 1047 3054 nisi
1083 2982 1291 3083 quintuplet
1325 3010 1412 3082 pro·

300 3109 478 3209 portione
517 3110 683 3210 (duobus
717 3108 875 3183 florenis
910 3135 998 3184 cum
1034 3111 1211 3212 dimidio)
1244 3117 1412 3190 vendere

301 3243 566 3334 decreverunt,
776 3264 898 3314 unum
925 3240 986 3315 50.
1013 3239 1171 3316 florenis
1197 3242 1410 3336 usitabant,

301 3370 456 3469 pullum
491 3369 672 3444 Indicum
715 3371 775 3443 25.
812 3375 938 3443 cetera
973 3371 1056 3468 ejus
1098 3372 1251 3470 generis
1287 3373 1412 3449 altilia

300 3498 453 3574 minora
478 3497 604 3574 tribus
632 3496 820 3590 Floronia
849 3497 1042 3573 Bovinam
1070 3524 1138 3574 seu
1164 3501 1435 3577 vervecinum·

301 3628 452 3704 nullam
483 3627 690 3702 habebant.
743 3624 897 3702 Vivunt
925 3625 1043 3701 etiam
1074 3650 1176 3725 pane
1207 3629 1343 3703 Indico
1374 3636 1412 3705 et

301 3759 457 3851 Putatis,
484 3758 589 3857 quod
613 3755 790 3831 radicum
815 3779 938 3853 genus
965 3758 1074 3831 tantu
1100 3757 1299 3835 affluentiis
1324 3784 1410 3857 pro·

300 3887 423 3987 venit,
440 3894 485 3963 ut
505 3887 682 3985 plaustra
700 3885 852 3984 integra-
874 3885 995 3984 gratis
1015 3887 1165 3963 auferre
1187 3889 1313 3967 liceat.
