3198 5562
342 1024 564 1162 Execrpto
581 1061 637 1131 cx
649 1026 852 1132 Diversis
864 1027 1040 1134 Litteris
1055 1029 1459 1155 Missiooariorum,

359 1265 371 1282 ·
513 1195 570 1300 ab
589 1197 720 1302 Anno
735 1201 866 1332 1635,
883 1199 942 1302 od
956 1200 1139 1303 Annum
1156 1204 1291 1308 1638.
1363 1229 1366 1236 ·

702 1499 853 1550 Iucuaros
871 1498 1003 1564 Aucrou,
1017 1501 1091 1552 1635.

391 1684 451 1760 De
480 1685 553 1760 hac
582 1683 771 1760 Missione
801 1711 889 1784 quae
920 1711 1046 1785 nuper
1073 1685 1254 1762 inchoata
1281 1687 1370 1784 (est)
1405 1687 1458 1762 ob

338 1813 543 1914 plurimas,
570 1837 657 1912 quae
687 1812 727 1888 in
759 1815 805 1889 ert
834 1822 1053 1909 occurrunt,
1085 1816 1343 1910 difficultates,
1375 1817 1457 1890 exi·

338 1967 439 2042 guus
458 1943 584 2019 adhuc
602 1943 750 2018 fructus
771 1941 856 2038 fuir,
875 1944 1094 2043 praesertim
1113 1947 1219 2044 apud
1242 1944 1454 2038 Barbaros

338 2098 506 2172 quorum
532 2073 668 2172 lingua
693 2075 804 2150 tarde
829 2075 852 2150 a
877 2075 1129 2151 Nostratibus
1156 2075 1331 2169 discitur,
1350 2074 1456 2150 nihil

340 2203 419 2279 fere
437 2201 554 2278 scribi
580 2209 718 2302 potest.
762 2203 982 2280 Versantur
999 2204 1039 2279 iu
1060 2206 1106 2279 ed
1131 2204 1231 2280 Socii
1250 2203 1456 2304 quicquat),

332 2309 414 2410 'tres
448 2334 694 2410 Sacerdotes:
738 2335 980 2433 coadjutores
1016 2337 1096 2429 duo,
1132 2335 1199 2434 qui
1241 2342 1456 2433 praesentes

337 2463 503 2557 labores,
531 2461 655 2541 futuri
683 2465 847 2540 eventius
876 2489 957 2562 spe,
984 2490 1073 2541 cum
1103 2465 1229 2541 multa
1259 2463 1458 2540 sustinent

301 2575 302 2579 ¹
339 2592 562 2696 alacritato⁸¹

702 2897 852 2948 Ircurros
870 2897 1001 2978 Auaron,
1016 2898 1090 2948 1636,

388 3084 610 3160 Versantur
627 3082 668 3158 in
689 3083 761 3158 hac
786 3081 975 3158 Missione
992 3083 1217 3158 Sacerdotes
1235 3080 1451 3180 quatuorffi’,
1474 3190 1476 3193 v

340 3242 428 3294 cum
447 3239 524 3290 uno
549 3214 726 3312 adjutore
749 3212 968 3311 temporali.
988 3213 1011 3286 d
1031 3209 1185 3310 quibus,
1204 3211 1308 3310 quod
1332 3210 1452 3285 nullae

339 3341 431 3417 inde
457 3340 528 3415 hoc
555 3365 657 3415 anno
685 3338 847 3438 perlatae
874 3344 967 3413 sunt
994 3337 1148 3432 litterae,
1176 3337 1272 3436 quid
1299 3344 1451 3437 gestum
1593 3389 1594 3392 =

340 3467 880 3580 sit,cogimur1ig·rrorarc.3r·
913 3506 948 3551 :2
987 3504 989 3511 ,
1012 3531 1016 3538 .
1039 3500 1044 3506 ⁸
1138 3501 1142 3508 ·

612 3765 625 3807 ς
636 3726 942 3816 χΙῄρῌξτᾏιᾞᾏωὸ-τοκ,
952 3742 1045 3794 ‚Auro
1065 3743 1138 3795 1638
1146 3738 1159 3811 ²3

389 3916 625 4017 Spectabunt
651 3915 700 3988 ad
726 3912 826 3987 hanc
853 3910 1083 3986 Missionem
1109 3911 1248 3994 Patres
1273 3915 1446 4009 quatuor,
1485 3935 1488 3938 ·

337 4074 427 4124 curn
465 4071 542 4121 uno
576 4068 708 4119 rerum
744 4040 1019 4140 temporalium
1061 4040 1249 4138 adjutore.
1319 4039 1447 4137 Atque

339 4179 402 4252 hic
429 4176 598 4276 quidem,
621 4180 709 4273 post
734 4196 874 4271 graves
901 4171 1052 4246 labores
1078 4176 1158 4245 toto
1186 4168 1447 4268 quinquennio

875 4303 918 4366 54

1582 3957 1594 4028 t
