3198 5562
823 531 873 610 31

295 753 399 850 quod
425 775 563 826 verum
590 753 704 852 (esse)
733 756 866 850 postea
884 750 1033 850 experti
1057 773 1203 826 sumus.
1256 749 1409 824 Rumor

295 885 440 972 tamen,
460 903 607 972 vereor,
627 879 677 954 ab
695 877 824 977 anglis
842 885 973 953 ortum
991 876 1140 953 habuit.
1308 959 1318 972 ‚

347 1007 443 1084 Post
469 1013 553 1083 octo
581 1007 644 1082 vel
677 1031 816 1082 novem
848 1006 1000 1083 dierum
1028 1005 1238 1105 benignam
1268 1011 1410 1081 tracta-

294 1138 453 1232 tionem,
482 1137 597 1214 tertio
629 1136 767 1214 Martii
795 1137 884 1213 vela
914 1135 1108 1230 facientes,
1139 1136 1248 1213 etin
1278 1134 1409 1209 sinum

297 1269 497 1368 Oosopeak
537 1268 796 1369 (Ohesapcak)
835 1266 979 1342 invecti
1015 1292 1172 1342 cursum
1208 1268 1258 1343 ad
1302 1263 1409 1364 aqui·

296 1395 426 1472 lonem
453 1391 693 1488 defleximus,
715 1401 758 1470 ut
783 1394 904 1469 fluvio
932 1396 1157 1472 Putomeoclc
1181 1393 1410 1493 potiremur.
1480 1479 1482 1484 ¹
1596 1445 1597 1492 q

297 1524 415 1602 Sinus
446 1525 694 1625 Ohcsopeack
728 1524 832 1600 latus
864 1527 996 1601 decem
1028 1524 1157 1600 leucas
1192 1525 1257 1624 (30
1287 1521 1411 1598 Milli-

298 1653 382 1732 aria
399 1653 552 1755 Italica)
574 1653 727 1753 placide
745 1652 848 1729 inter
864 1653 998 1729 littora
1016 1653 1173 1748 labitur,
1193 1654 1411 1752 profundus

298 1789 476 1883 quatuor,
506 1782 690 1882 quinque,
717 1808 784 1858 sex
810 1782 952 1882 orgyis,
982 1781 1164 1882 piscibus,
1190 1779 1278 1856 crim
1306 1767 1413 1856 favet

297 1935 435 2006 annus,
471 1919 641 1987 scatens:
685 1912 959 2010 jucundiorem
1003 1913 1112 2012 aeque
1152 1913 1309 2010 lapsum
1345 1910 1413 1985 vix

298 2041 485 2119 invenies.
564 2041 677 2117 Cedit
718 2049 850 2118 tamen
893 2041 1017 2117 fluvio
1062 2043 1309 2135 Patomcack‚
1351 2040 1413 2116 cui

299 2194 440 2246 nomen
470 2171 493 2245 a
522 2171 574 2245 διο
606 2170 793 2270 Gregorio
821 2169 1048 2247 indidimus.

349 2298 374 2375 J
377 2301 440 2376 am
463 2301 596 2399 optata
622 2299 736 2399 potiti
760 2299 928 2399 regione,
949 2299 1123 2398 nomina,
1141 2324 1213 2398 pro
1239 2325 1281 2374 re
1308 2300 1411 2391 nata,

299 2427 641 2504 distribuebamus.
695 2428 748 2503 Et
775 2429 932 2528 quidem
962 2427 1278 2505 Promontorium
1308 2429 1414 2526 quod

298 2561 433 2636 estad
460 2565 650 2653 austrum,
678 2559 794 2635 titulo
825 2560 863 2637 S.
892 2559 1073 2659 Gregorii
1101 2559 1412 2636 consecravimus

304 2690 423 2789 (nunc
449 2687 579 2764 Smith
605 2688 732 2790 point)
759 2689 997 2789 aquilonare,
1017 2690 1068 2764 8²⁰
1087 2689 1263 2766 Michaeli
1293 2692 1413 2790 (nunc

301 2817 420 2894 Point
454 2817 648 2919 Lookout)
683 2818 723 2893 in
755 2820 941 2894 honorem
973 2819 1149 2894 omnium
1184 2820 1412 2918 angelorum

300 2947 566 3047 indigitantes.
635 2949 779 3047 MajuS,
805 2948 1069 3046 jucundiusve
1099 2948 1247 3024 flumen
1281 2947 1414 3046 aspexi

302 3081 515 3178 nunquam.
568 3077 769 3154 Thamesis
800 3077 859 3152 illi
888 3085 1136 3176 comparatus
1166 3079 1234 3153 vix
1260 3070 1414 3154 rivulus

301 3209 427 3286 videri
444 3199 595 3310 potest:
621 3209 741 3285 nullis
759 3209 931 3284 inficitur
954 3209 1177 3308 paludibus,
1197 3213 1265 3286 sed
1289 3210 1416 3286 solida

303 3338 486 3439 utrinque
510 3347 635 3432 terra3
663 3346 874 3438 assurgunt
891 3341 1068 3415 decentes
1090 3341 1272 3415 arborum
1292 3339 1415 3440 sylvae

304 3493 382 3544 non
413 3468 554 3544 clausae
583 3467 764 3568 vepretis
789 3471 849 3542 vel
881 3467 1205 3543 subnascentibus
1236 3468 1414 3562 surculis,
1456 3469 1460 3479 '

304 3600 373 3677 sed
398 3599 510 3698 quasi
528 3623 647 3675 manu
674 3597 950 3692 laxbconsitae,
972 3605 1014 3673 ut
1040 3596 1161 3674 libere
1183 3599 1415 3698 quadrigam

304 3730 573 3808 intermedias
599 3731 755 3806 arbores
782 3729 930 3829 agitare
956 3727 1092 3829 possis,
1146 3731 1194 3805 In
1216 3730 1301 3828 ipso
1319 3729 1416 3806 ostio

305 3860 480 3938 fluminis
499 3866 668 3936 armatos
687 3859 891 3959 indigenas
909 3860 1192 3959 conspeximus.
1230 3861 1290 3936 Ed
1307 3868 1417 3936 nocte

306 3991 415 4093 ignes
441 3994 524 4068 tota
540 3991 697 4092 regione
715 3998 915 4085 arserunt;
942 3998 981 4068 et
1007 3991 1190 4092 quoniam
1217 3994 1417 4091 nunquam
