3200 5530
829 561 930 636 28·

295 799 383 850 mus
410 775 647 852 Matolinam.
701 775 779 851 Hic
797 777 875 851 duo
893 775 1038 852 lentres
1065 779 1260 853 nudorum
1287 779 1405 854 homi-

296 930 392 980 num
423 905 566 980 molem
594 912 737 980 nostrae
768 905 880 981 navis
910 907 1037 1000 veriti,
1065 908 1242 1008 Pepones
1274 935 1404 985 cucur·

296 1032 409 1125 bitas,
456 1034 606 1108 fruetus
658 1032 813 1108 Platani
865 1042 904 1109 et
955 1035 1146 1112 Psittacos
1195 1039 1243 1114 de
1294 1040 1405 1138 longe

295 1162 551 1238 ostendebant
584 1164 889 1238 commutandos.
960 1164 1066 1240 Gens
1101 1167 1229 1260 effera,
1266 1169 1404 1262 obaesa,

295 1292 506 1392 pigmentis
532 1292 742 1392 purpureis
768 1291 907 1385 nitenS,
935 1292 1073 1392 ignara
1100 1295 1138 1368 N
1140 1295 1298 1390 uminiS,
1325 1323 1404 1372 car·

296 1423 406 1501 nium
434 1424 697 1499 humanarum
723 1421 851 1516 avida,
879 1430 918 1498 et
941 1449 1029 1522 quae
1055 1425 1261 1522 anglorum
1288 1427 1405 1504 inter·

294 1563 423 1654 protes
442 1553 590 1654 aliquot
615 1552 768 1652 pridem
791 1555 1073 1652 absumpserat,
1092 1556 1290 1654 regionem
1318 1557 1408 1634 colit

295 1683 335 1758 in
366 1681 505 1781 primis
533 1679 712 1774 fertilem,
741 1683 809 1757 sed
840 1705 927 1779 quae
957 1688 1039 1758 tota
1069 1683 1180 1759 lucus
1208 1685 1270 1779 sit,
1298 1687 1407 1761 nulla

294 1811 458 1913 planitie
491 1813 637 1910 pervia.
707 1809 890 1910 Aplustri
920 1810 1008 1886 albo
1038 1810 1080 1887 iu
1111 1813 1267 1912 signum
1301 1817 1406 1914 pacis

294 1942 502 2043 proposito,
522 1967 585 2017 eos
611 1941 678 2040 qui
702 1965 743 2016 se
767 1943 789 2015 a
815 1940 928 2039 longe
952 1945 1199 2020 ostentabant
1223 1945 1405 2022 invitavi·

294 2097 382 2148 mus
401 2073 451 2146 ad
476 2070 718 2164 commercia,
737 2072 805 2145 sed
831 2069 1020 2147 indicium
1039 2073 1209 2148 aversati
1235 2073 1405 2174 iusignia

294 2209 478 2279 consueta
508 2207 806 2300 proposuerunt.

344 2331 454 2424 oum,
486 2329 547 2404 his
582 2327 757 2422 ostensis,
789 2328 950 2427 quinam
985 2355 1157 2406 essemus
1191 2331 1401 2408 intellexis-

294 2470 390 2556 sent,
427 2460 568 2536 animis
610 2460 822 2558 assumptis
866 2463 1058 2537 accessere
1099 2463 1283 2561 propibs3
1336 2467 1404 2540 sed

292 2590 427 2690 paucis
457 2589 611 2664 tantum
646 2586 992 2665 tintinnabuliset
1026 2590 1195 2666 cultellis
1226 2595 1402 2692 acceptis,

292 2715 525 2818 praepotenti
570 2715 662 2791 navi
696 2741 774 2791 non
818 2717 985 2793 nimibm
1028 2720 1202 2815 fidentes,
1239 2722 1403 2798 celocem

293 2850 449 2940 adeunt,
480 2833 751 2945 promittentes
785 2871 837 2940 se,
873 2845 907 2921 si
941 2847 1149 2924 consistere
1182 2852 1402 2927 decernere·

291 3000 391 3071 mus,
417 2973 592 3074 sequenti
617 2973 679 3050 die
705 2973 884 3051 meliores
912 3001 1058 3052 meroes
1085 2977 1284 3054 allaturos.
1338 2981 1404 3055 Ca-

291 3105 374 3204 piet
396 3105 489 3181 olim
509 3102 690 3203 aliquem,
710 3103 767 3178 uti
786 3129 909 3202 spero,
930 3104 1102 3180 derelicti
1127 3107 1243 3207 hujus
1267 3109 1403 3208 populi

292 3233 500 3310 miseratio.
565 3235 686 3331 Apud
717 3240 856 3308 nautas
888 3232 1081 3310 increbuit
1109 3261 1245 3312 rumor
1278 3240 1401 3337 (ortus

291 3364 315 3437 a
348 3361 582 3460 quibusdam
619 3358 745 3434 Gallis
781 3359 995 3461 naufragis)
1035 3362 1209 3460 reperiri,
1245 3364 1286 3439 in
1331 3364 1401 3440 hac

291 3493 432 3585 insula,
464 3492 603 3566 animat
631 3490 741 3588 cujus
775 3490 894 3565 fronti
928 3491 1029 3590 lapis
1061 3493 1238 3570 inusitati
1274 3495 1401 3595 splen·

292 3621 397 3699 doris
425 3619 579 3713 insidet,
610 3645 747 3718 prunae
776 3618 839 3695 vel
870 3622 1042 3697 candelae
1069 3625 1222 3699 ardenti
1250 3625 1401 3701 similis.

199 3839 201 3844 ,
292 3753 398 3828 Huic
430 3750 590 3828 animali
621 3751 814 3826 Gortuacoe
848 3776 989 3827 nomen
1020 3748 1259 3830 indiderunt
1331 3755 1402 3830 Rei

291 3885 386 3959 fides
413 3881 465 3957 sit
491 3880 609 3980 penes
636 3886 841 3955 auctorem.
