3198 5562
813 588 864 662 52

279 799 348 900 qui
377 799 549 899 piscibus
577 802 721 900 magno
751 826 798 876 ex
828 807 941 901 parte
968 803 1171 880 victitant:
1208 803 1393 902 perdices,

281 930 543 1008 coturnicibus
568 930 675 1008 haud
703 931 879 1030 majores,
899 934 967 1008 sed
994 933 1248 1010 multitudine
1274 959 1396 1034 prope

281 1054 457 1138 infinitae.

329 1191 641 1268 Innumerabiles
668 1191 786 1267 etiam
818 1193 912 1268 afrae
942 1219 1035 1270 aves
1064 1194 1288 1293 agrestem>
1306 1221 1394 1294 quac

283 1331 434 1400 nostras
462 1323 609 1400 cicures
637 1330 676 1399 et
709 1325 939 1400 domesticas
971 1326 1093 1424 duplo
1122 1325 1394 1425 magnitudine

282 1459 476 1554 superent.
528 1454 628 1528 Sunt
657 1452 775 1528 etiam
807 1453 969 1530 morulae
1000 1462 1039 1530 et
1068 1453 1188 1548 turdi,
1218 1455 1395 1530 minutae·

281 1609 356 1684 quc
380 1581 543 1658 aviculae
570 1580 705 1657 multae
725 1580 931 1680 variaeque,
951 1607 1119 1681 quarum
1146 1582 1235 1659 aliae
1252 1584 1393 1677 rubrae,

281 1713 456 1790 caeruleae
482 1711 570 1788 aliae
595 1712 674 1806 lec,
703 1711 779 1804 δια,
807 1713 874 1790 &a
925 1713 1078 1813 Hyems
1104 1713 1395 1814 abundatch-

282 1843 355 1937 nis,
374 1840 587 1934 anseribus,
607 1839 782 1940 gruibus,
801 1840 929 1916 ardeis
956 1841 1149 1935 anatibuS,
1172 1841 1396 1918 Kirtheis<³²>

282 1970 441 2048 Glaucis
472 1969 665 2070 (Piscibus
691 1971 754 2046 vel
781 1971 920 2047 auribus
946 1971 1086 2049 viridis
1111 1973 1265 2069 coloris)
1292 1973 1392 2048 Psit-

281 2101 389 2197 taois,
425 2099 589 2199 aliisque
631 2100 898 2199 compluribus
933 2101 1018 2176 orbi
1062 2107 1193 2177 nostro
1239 2101 1393 2201 ignotis.

283 2232 393 2309 Malo
427 2229 619 2324 Limenia,
655 2235 693 2306 et
735 2230 841 2306 mala
873 2231 1083 2306 cotoneal³³l
1117 2231 1192 2306 fert
1234 2230 1393 2329 optima.

282 2361 473 2438 Armenia
503 2359 686 2460 (apricots
711 2359 774 2434 vel
801 2359 930 2458 potius
957 2361 1129 2459 Pcaclcs)
1159 2359 1266 2453 item,
1284 2363 1395 2435 tentat
1451 2463 1454 2468 Ι

281 2503 374 2569 sunt
400 2493 586 2584 ubertate,
607 2496 651 2566 ut
675 2489 738 2565 vir
764 2489 950 2565 honestus
976 2515 1019 2564 ac
1045 2491 1122 2567 fide
1149 2489 1291 2589 dignus
1308 2515 1395 2566 con-

282 2623 431 2699 stantbr
457 2619 711 2696 affirmaverit
740 2644 792 2712 se,
820 2619 959 2695 ultimo
986 2645 1099 2714 anno,
1129 2626 1286 2695 centum
1316 2645 1395 2695 mo

282 2751 366 2828 dios
384 2749 511 2850 porcis
529 2747 747 2848 projecisse.
783 2749 842 2824 De
861 2747 1027 2848 Lupinis
1045 2747 1392 2848 praestantissimis,

282 2879 393 2975 fabis,
428 2876 636 2969 radicibus,
673 2876 837 2975 aliisque
872 2877 1063 2976 ejusmodi
1098 2877 1194 2976 quid
1237 2877 1394 2953 dicam?

282 3008 382 3084 Oinn
412 3007 530 3084 etiam
562 3004 658 3106 pisa,
686 3004 767 3080 illis
798 3005 839 3080 in
868 3005 973 3100 locis,
1004 3008 1052 3082 10
1082 3006 1231 3100 diebus,
1263 3008 1313 3082 ad
1345 3007 1395 3081 14

281 3139 423 3238 digitos
447 3143 682 3213 excrescunt.
737 3135 859 3234 Regio
885 3136 1072 3212 frumenti
1090 3138 1186 3212 adeo
1211 3137 1319 3212 fer'ax
1335 3142 1394 3210 est

283 3278 327 3346 ut
352 3269 393 3344 in
420 3268 591 3342 maxima
617 3265 832 3360 sterilitate,
852 3266 912 3341 bis
939 3266 1121 3365 centuplo
1147 3291 1279 3341 semen
1306 3267 1391 3342 red·

283 3403 371 3493 dat3
399 3398 496 3474 alias
516 3404 554 3472 et
580 3397 811 3496 plerumque
836 3420 907 3495 pro
929 3421 1006 3471 uno
1032 3395 1198 3494 granulo
1224 3396 1300 3471 500
1325 3401 1394 3470 aut

281 3532 367 3608 600.
437 3527 667 3604 Melioribus
706 3525 819 3601 annis
858 3526 971 3619 1,5oo
996 3525 1058 3601 vel
1092 3526 1213 3619 1,600,
1241 3531 1280 3600 et
1310 3525 1392 3598 haec

283 3661 441 3762 quidem
468 3683 546 3734 una
566 3655 716 3748 messis,
736 3681 825 3730 cum
851 3662 982 3730 ternas
1009 3679 1244 3754 perannum
1270 3653 1391 3729 fertil-

282 3791 358 3866 itas
384 3787 457 3864 soli
482 3784 718 3885 suppeditat.

332 3916 557 3995 Verisimile
582 3921 650 4007 est,
678 3913 859 3989 omnibus
890 3913 1018 3988 Italico
1047 3912 1238 3988 fructibus
1265 3913 1392 3988 solum

283 4050 467 4124 idoneum
510 4045 601 4136 foro,
645 4043 806 4136 ficubus,
851 4041 989 4141 pomis,
1033 4041 1208 4140 granatis
1250 4041 1392 4136 aureis,

284 4177 420 4276 (Malis
448 4172 728 4272 Hesperidum)
755 4172 881 4268 olivio,
909 4173 987 4266 &c.,
1007 4179 1048 4247 at
1073 4171 1184 4248 brevi
1209 4171 1395 4270 perstrin-

317 4354 476 4408 (³¹)Gallinae
488 4352 585 4403 indicos
595 4352 753 4421 (Turireys.)
823 4351 864 4398 (³2)
1001 4350 1042 4396 (33)
1052 4349 1176 4415 Quinces,
1190 4349 1255 4416 gall.
1268 4348 1357 4415 coiug.
