3198 5562
813 545 865 621 48

285 763 434 854 eantur,
470 758 562 858 quia
594 758 757 858 plurimi
791 761 921 859 potius
954 763 1188 863 voluptates,
1220 767 1421 862 honorae,-

285 909 377 984 opes
412 889 481 962 :lz
518 886 630 986 quasi
665 889 892 962 adamantes
923 890 1058 987 (quam
1094 891 1241 968 Christi
1278 892 1403 968 :llel

284 1013 460 1090 Gloriam
489 1016 686 1111 adamant)
713 1015 863 1091 occulta
889 1018 1060 1114 quadam
1086 1019 1139 1112 vi,
1165 1045 1233 1096 seu
1262 1023 1401 1119 aperta

284 1141 409 1242 magis
427 1147 496 1240 (et)
514 1141 705 1242 singulari
727 1142 912 1219 Numinis
930 1146 1141 1242 prudentia
1161 1148 1309 1223 laetum
1328 1155 1399 1243 est,

284 1276 328 1346 ut
354 1269 425 1346 hoe
455 1296 577 1346 unum
603 1295 712 1370 epae,
739 1270 871 1347 omnia
898 1272 1104 1349 hominum
1131 1274 1397 1368 incitamenta,

283 1398 414 1474 omnia
431 1398 588 1496 (omnis)
606 1397 759 1497 generis
781 1398 1045 1476 emolumenta
1062 1402 1396 1501 complecteretur.

333 1527 381 1602 In
408 1528 579 1604 confesso
604 1535 664 1602 est
688 1527 808 1603 situm
832 1527 1003 1626 regionis
1029 1530 1224 1628 optimum
1251 1556 1397 1606 esseae

281 1655 650 1750 commodissimum,
669 1655 815 1755 quippe
833 1682 920 1755 quae
938 1659 989 1733 ad
1007 1661 1057 1734 38
1073 1659 1138 1735 vel
1159 1661 1210 1736 40
1227 1662 1395 1759 gradum

281 1784 506 1884 porrigitur,
537 1783 615 1860 situ
652 1783 737 1877 loci,
770 1784 941 1883 Hispali,
974 1785 1128 1881 Siciliae,
1161 1788 1394 1882 Jerusalem,

280 1919 320 1988 et
345 1911 503 2012 optimis
520 1910 679 1987 Arabiae
705 1911 828 1987 felicis
853 1913 982 2011 plagis
1003 1921 1042 1990 et
1067 1915 1195 1990 elimae
1214 1915 1393 2014 (elimati)

280 2042 387 2118 haud
413 2040 616 2118 absimilis.
668 2044 751 2117 Aer
776 2067 935 2120 serenus
954 2069 998 2119 ae
1024 2045 1142 2139 mitia,
1163 2072 1232 2122 nee
1260 2049 1392 2123 ardor·

279 2171 368 2248 ibus
397 2171 577 2264 Florida,
606 2170 669 2246 vel
698 2169 870 2269 antiquae
897 2171 1090 2270 Virginios
1116 2174 1294 2269 infestus,
1323 2201 1393 2251 nee

279 2300 404 2376 Novae
448 2299 589 2399 angliae
640 2297 850 2397 frigoribus
893 2308 1063 2396 exustus,
1108 2305 1177 2378 sed
1221 2304 1392 2380 mediam

279 2431 489 2529 quamdam
508 2429 609 2505 inter
627 2436 832 2526 utramque
849 2429 1078 2528 temperiem
1096 2431 1266 2508 obtinet:
1295 2433 1390 2509 utri·

280 2587 401 2662 usquo
429 2560 573 2637 fruitur
601 2559 785 2635 bonisne
813 2559 918 2634 mala
948 2561 1081 2636 nescit.
1134 2563 1199 2638 Ab
1230 2563 1390 2659 oriente,

278 2717 418 2770 oceano
446 2691 629 2783 alluitur3
665 2690 715 2766 ab
742 2689 941 2784 occidenti,
970 2691 1123 2767 infinito
1153 2695 1275 2792 prope
1302 2720 1389 2770 oon·

278 2821 418 2899 tinenti
444 2821 603 2920 objacet,
622 2818 688 2919 qui
715 2817 755 2894 in
775 2845 882 2895 mare
907 2819 1101 2897 Ohinense
1127 2824 1388 2921 protenditur.

279 2951 366 3028 Duo
397 2937 580 3026 zest’uaria
614 2949 707 3023 sane
737 2973 900 3047 magna:
941 2949 1125 3049 utrinque
1156 2951 1278 3047 sinus,
1310 2954 1388 3053 pis·

276 3079 379 3157 oium
422 3075 725 3170 facundissimi,
769 3077 936 3153 alterum
980 3078 1041 3154 eui
1085 3105 1227 3166 nomen
1262 3082 1406 3158 Ches-·

276 3209 399 3308 peaek
425 3209 537 3302 1300
562 3207 756 3282 Passuum
783 3205 919 3300 latum,
947 3207 1126 3307 binisque
1152 3209 1388 3287 interfusum

278 3335 517 3436 Regionibus
543 3337 591 3412 ab
619 3342 761 3429 austro,
787 3342 942 3411 eentum
969 3343 1008 3412 et
1033 3337 1236 3437 sexa-ginta
1262 3340 1389 3416 millia

275 3493 475 3570 passuum,
494 3468 535 3543 in
554 3467 775 3568 aquilonem
794 3466 984 3542 volvitur:
1013 3493 1247 3568 magnarum
1264 3495 1387 3570 capax

276 3599 448 3692 navium,
476 3597 686 3674 discretum
713 3595 844 3689 variis,
864 3596 1006 3696 amplis
1033 3624 1076 3673 ao
1103 3600 1301 3696 paseuosis
1327 3600 1385 3674 in·

275 3729 384 3823 sulis,
402 3728 443 3804 in
462 3726 604 3828 quibus
628 3724 793 3826 piscium
816 3750 912 3823 quos
932 3726 1094 3826 larqosssu
1111 3735 1263 3822 vocant,
1282 3729 1385 3828 eopi-

275 3885 342 3937 osa
368 3857 542 3959 piscatis.

683 4031 824 4097 (¹⁶)Alosa,
838 4032 855 4083 i.
870 4049 890 4084 e.
904 4032 978 4084 Shad
