3200 5530
555 1181 825 1258 RELATIO
857 1183 1141 1258 ITINERIS
1176 1215 1179 1220 ’

503 1611 1191 1740 MARYLANDIAM.

286 2010 437 2109 Scripta
462 2012 525 2084 sub
541 2009 660 2111 finem
686 2012 842 2112 Aprilis,
871 2013 981 2105 1634,
1009 2013 1059 2086 uri
1084 2013 1134 2087 Α.
1157 2012 1205 2088 Ιῖ.
1226 2013 1271 2086 P.
1296 2037 1398 2111 qene-

562 2141 677 2215 rulem
709 2141 873 2215 Maiiam
901 2140 1123 2216 Viieilesetis.

288 2476 629 2794 VIGESIMA
655 2502 824 2575 secundia
851 2499 1000 2574 Mensis
1030 2499 1278 2592 Novembris,
1307 2499 1400 2573 anni

419 2634 529 2725 1633,
549 2632 610 2707 die
629 2633 682 2706 δῶ·
697 2631 863 2707 Caecilia
882 2656 1001 2725 sacre,
1017 2631 1157 2706 leniter
1175 2631 1400 2731 adspirante

255 2858 258 2866 ι
418 2763 536 2853 Eunu,
556 2762 745 2838 solvimus
773 2764 795 2838 a
822 2762 937 2838 Covis
969 2762 1129 2862 (Corvus)
1156 2761 1223 2861 qui
1250 2763 1399 2860 positus

286 2894 410 2968 estin
438 2893 576 2968 Insula
601 2893 770 2968 vectam
821 2894 997 2992 Cumque
1024 2893 1241 2991 praecipuas
1269 2899 1399 2992 partes

288 3023 424 3116 Navis,
462 3013 797 3097 constituissemus
831 3021 872 3096 in
908 3022 1032 3097 tutela
1065 3021 1138 3098 Dei
1173 3022 1213 3097 in
1248 3023 1399 3122 primia,

169 3146 171 3153 ’
238 3147 241 3158 ’
285 3158 324 3226 et
342 3151 596 3227 sanctissima
624 3151 720 3250 Ejus
748 3151 901 3244 Matris
922 3149 968 3225 Stl
987 3150 1135 3250 Ignatii
1161 3158 1200 3226 et
1223 3151 1398 3226 emnium

286 3281 514 3380 angelorum
541 3280 1043 3380 Marylandiae,paululi1m
1071 3281 1173 3356 inter
1199 3283 1297 3356 duas
1323 3288 1397 3356 ter-

284 3435 347 3484 ras
375 3410 558 3509 preventi,
582 3408 781 3485 deficiente
805 3416 933 3503 ventu,
953 3410 1168 3486 resedimus
1196 3412 1216 3485 ὸ
1242 3411 1399 3509 regione

285 3538 412 3614 Castri
446 3539 660 3632 Yurmouiiu
693 3540 795 3636 quod
831 3545 888 3612 est
923 3541 973 3614 ad
1008 3563 1185 3614 oceasum
1217 3539 1399 3614 aestivum

283 3669 458 3765 ejusdem
485 3667 625 3741 insulae
648 3667 824 3766 (Vecta.)
882 3667 960 3744 Hie
987 3667 1095 3742 festis
1114 3675 1398 3743 tormentorum

282 3796 466 3872 tonitruis
505 3795 654 3894 excepti
698 3821 844 3871 sumus.
915 3797 1051 3895 Neque
1094 3804 1226 3872 tamen
1271 3805 1397 3873 metus

283 3926 438 4000 aberat:
476 3931 606 4032 nautae
637 3913 755 4000 enim
772 3926 875 4000 inter
904 3950 945 4000 se
974 3926 1237 4003 mussitabant
1263 3953 1397 4026 expec-

715 4113 806 4164 (¹)Isle
819 4113 850 4162 of
861 4113 968 4179 Wight.

825 4200 866 4262 10
