3200 5530
842 549 893 624 n

1579 685 1580 740 r

312 769 470 844 nudatae
492 765 661 865 propior,
680 765 818 864 ingens
836 765 969 859 caulis,
989 765 1138 840 arboris
1156 765 1253 840 bene
1271 789 1424 862 magnae

311 903 496 972 truncum
526 898 890 995 adaequans-neque
920 903 1051 972 tamen
1078 897 1193 971 arbor
1223 897 1291 972 sed
1322 895 1424 992 legu-

312 1051 413 1119 men,
441 1025 663 1102 Brassicam
689 1027 764 1100 fert
790 1049 867 1100 non
895 1024 1066 1123 amplius
1093 1050 1224 1100 unam.

363 1153 516 1230 Ibidem
535 1153 668 1228 videre
685 1160 744 1229 est
761 1153 938 1228 arborem
957 1152 1051 1228 satis
1075 1179 1286 1252 proceram,
1306 1177 1421 1252 quam

196 1269 199 1277 ’
312 1307 498 1382 saponem
529 1289 681 1358 vocant.
745 1282 879 1358 Grana
913 1283 1071 1381 saponis
1106 1308 1244 1359 nucem
1280 1283 1421 1358 avcila·

312 1437 403 1487 nam
434 1436 511 1486 non
540 1414 731 1488 excedunt
759 1411 1043 1510 magnitudine.
1081 1413 1237 1489 Horum
1266 1411 1422 1511 pinguis

311 1541 464 1617 tunica:
501 1540 658 1640 saponis
684 1541 808 1617 instar
842 1548 986 1640 purgat
1016 1549 1054 1618 et
1084 1541 1270 1640 detergit3
1307 1535 1450 1640 quan?

311 1675 441 1772 quam,
481 1679 522 1750 ut
558 1672 680 1766 aiunt,
716 1673 796 1748 lino
831 1673 999 1750 tenuiori
1043 1673 1214 1750 inimica.
1280 1675 1342 1748 Ex
1375 1673 1422 1747 iis

311 1801 444 1902 granis
470 1801 596 1878 multa
619 1827 772 1878 mecum
790 1802 921 1878 ablata
939 1802 979 1877 in
1007 1803 1299 1896 Marilanuiam,
1319 1829 1423 1878 man-

312 1931 403 2007 davi
431 1937 544 2006 terrae
569 1931 792 2006 futurarum
820 1933 1003 2007 arborum
1030 1932 1190 2009 semina.

362 2061 472 2137 Inter
506 2062 663 2136 arbores
695 2061 812 2137 etiam
849 2070 1058 2138 numerant
1093 2062 1263 2140 Palmam
1294 2065 1424 2138 otrico

311 2194 535 2292 quanquam
562 2199 747 2268 truncum
773 2191 843 2292 iila
870 2193 1012 2269 habeat
1041 2220 1225 2293 porosum
1252 2201 1290 2269 et
1316 2195 1421 2292 legu-

250 2323 252 2328 ’
312 2321 408 2399 mini
435 2305 623 2414 similem3
660 2321 874 2398 Racemum
901 2323 977 2398 fert
1003 2323 1202 2422 ingentem
1230 2322 1422 2399 seminum

310 2451 449 2528 coloris
481 2449 725 2526 subcinericii
752 2449 875 2548 spinis
911 2459 1106 2526 armatum
1133 2459 1171 2527 et
1198 2451 1321 2550 nigris
1348 2477 1424 2525 ma·

310 2579 409 2656 culis
444 2579 676 2678 inspersum.
730 2578 792 2652 Ex
817 2577 879 2654 his
915 2588 1106 2677 praestans
1141 2581 1269 2657 oleum
1301 2579 1424 2678 expri·

311 2693 459 2786 mitur(
497 2707 606 2783 Mala
633 2732 761 2799 aurea,
789 2705 941 2801 citrina,
966 2715 1141 2806 granata,
1164 2733 1280 2784 nuces
1305 2708 1421 2783 etiam

312 2863 408 2937 quas
444 2836 615 2935 Hispani
657 2837 762 2912 Oocos
796 2843 946 2930 vocant,
982 2837 1174 2936 ceterique
1208 2836 1422 2912 calidarum

311 2967 515 3066 regionum
542 2967 691 3041 fructus
718 2965 886 3040 ubertim
914 2966 1161 3065 proveniunt.

331 3199 333 3205 Α
363 3095 436 3170 Est
461 3102 500 3171 et
525 3096 682 3170 fructus.
701 3095 768 3193 qui
797 3094 945 3171 Guaoia
971 3095 1113 3172 dicitur
1140 3096 1278 3171 coloris
1305 3094 1422 3186 aurei,

312 3226 439 3299 forma·
464 3223 551 3300 citri
587 3223 761 3316 minoris
789 3230 907 3322 gustu
937 3232 1068 3300 tamen
1104 3226 1273 3302 referens
1301 3225 1421 3323 Cydo-

313 3353 424 3429 nium
456 3355 638 3453 (quince.)
696 3355 820 3452 Pupae
865 3355 992 3431 colore
1018 3363 1057 3430 et
1082 3357 1183 3431 form
1218 3381 1300 3431 non·
1323 3355 1420 3430 absi·

314 3482 420 3575 mili;
449 3485 516 3559 sed
551 3482 760 3582 praedulcis
795 3484 883 3560 eum
919 3486 980 3579 sit,
1012 3485 1237 3561 condiendis
1271 3492 1422 3560 tantum

314 3614 410 3692 cibis
437 3613 658 3691 adhibetur.
