3200 5530
838 577 886 651 21

300 790 370 865 bos
390 798 630 889 mortemque
648 771 883 868 attulissent.
901 870 905 876 ,
936 793 1051 868 Mora
1069 793 1188 870 saluti
1206 793 1296 870 luit:
1326 795 1417 869 nam

300 915 439 1016 hyeme
457 920 756 994 conscendentes
774 919 1001 1018 hujusmodi
1018 921 1276 996 incommodis
1292 919 1417 996 carui-

301 1070 402 1138 mus;
424 1045 513 1122 etsi
532 1053 734 1123 consuetas
753 1047 1032 1146 navigantibus
1051 1073 1216 1124 nauseas
1234 1048 1414 1147 encipias²
1475 1141 1479 1150 Ι
1579 1041 1580 1054 ’

300 1199 414 1250 nemo
440 1175 576 1250 morbo
593 1175 724 1274 aliquo
750 1181 923 1250 tentatus
951 1182 1010 1251 est
1036 1178 1228 1275 usquead
1254 1177 1415 1251 Festum

301 1301 531 1377 Nativitatis
568 1301 739 1378 Domini.
803 1304 844 1378 Is
880 1303 973 1398 dies,
1005 1310 1046 1380 ut
1082 1304 1269 1380 celebrior
1304 1312 1414 1398 esset,

300 1432 553 1531 propinatum
581 1439 639 1508 est
669 1432 818 1526 vinum,
848 1458 935 1533 quo,
965 1434 1033 1532 qui
1064 1434 1125 1510 usi
1154 1440 1247 1510 sunt
1275 1434 1413 1511 intem·

300 1561 512 1660 percutite,
531 1561 630 1636 febri
648 1561 815 1661 correpti
833 1567 926 1637 sunt
942 1561 1122 1660 proximet
1138 1563 1236 1656 luce,
1253 1588 1414 1638 numero

299 1691 482 1790 triginta3
510 1698 549 1766 et
574 1689 687 1766 exiis
713 1715 789 1765 non
808 1689 865 1765 ita
882 1690 1007 1765 multo
1033 1695 1133 1788 post,
1152 1691 1297 1766 mortui
1324 1698 1416 1765 sunt

299 1821 452 1896 circiter
469 1819 673 1898 duodecim
700 1819 803 1895 inter
828 1845 924 1919 quos
952 1822 1028 1896 duo
1048 1818 1249 1894 Catholici.
1302 1820 1413 1918 Mag·

300 1975 395 2024 num
414 1951 476 2024 sul
493 1950 599 2046 apud
617 1973 687 2023 nos
706 1948 943 2024 desiderium
967 1948 1213 2047 reliquerunt
1230 1947 1267 2022 N
1270 1947 1414 2022 icolaus

300 2078 520 2154 Fairlaxius
547 2085 586 2154 et
611 2079 781 2162 Jacobus
807 2079 1001 2155 Barelote.

359 2208 469 2284 Inter
512 2206 780 2306 navigandum
822 2209 926 2306 (post
968 2216 1217 2306 conspectum
1262 2207 1413 2283 Piscem

265 2391 268 2397 -
299 2337 400 2413 Solis
426 2336 493 2437 qui
524 2325 658 2413 cursui
681 2331 773 2412 solis
800 2336 1000 2431 obnititur,
1028 2344 1068 2413 et
1092 2344 1150 2412 est
1175 2337 1293 2414 index
1317 2345 1413 2412 tem-

300 2473 495 2566 pestatum
514 2473 677 2566 postque
697 2472 970 2566 tempestatem
988 2468 1124 2542 revera
1143 2491 1219 2542 non
1238 2466 1414 2566 unam)<⁶'

300 2596 426 2672 multa
452 2598 706 2682 occurrebant
730 2594 894 2671 curiosa.
946 2596 995 2670 In
1026 2595 1166 2694 primis
1195 2598 1317 2672 Pisces
1341 2599 1414 2673 uol-

300 2737 402 2804 ontas
428 2727 495 2826 qui
521 2729 636 2803 modo
662 2751 805 2826 aequor,
825 2725 939 2801 modo
961 2729 1051 2801 adra
1076 2725 1255 2820 sublime,
1274 2726 1412 2825 pennis

300 2857 483 2930 secabant
500 2880 702 2953 passerum
721 2853 993 2953 magnitudine
1011 2853 1073 2928 vel
1097 2855 1291 2953 majorum
1314 2832 1413 2955 (spa-

221 2959 225 2968 .
299 2983 448 3082 rorum)
479 3008 587 3082 quas,
621 2983 748 3084 (quos)
778 2980 894 3057 valde
920 2981 1038 3056 etiam
1069 2988 1188 3080 gustu
1218 2992 1411 3082 praegrato

299 3113 484 3188 referunt.
538 3112 699 3188 Centeni
721 3111 912 3210 gregatim
930 3135 972 3222 se
990 3112 1029 3185 in
1050 3116 1139 3187 a'era
1157 3111 1305 3188 librant
1322 3114 1410 3188 Del·

299 3242 440 3342 phinos
471 3268 560 3319 curn
591 3243 749 3342 fugiunt
780 3243 1039 3340 insequentes.
1098 3243 1247 3318 Eorum
1278 3244 1411 3344 aliqui,

299 3373 500 3449 deficiente
533 3399 753 3473 pennarum
787 3371 961 3470 remigio,
992 3371 1032 3447 in
1069 3379 1243 3448 nostram
1277 3375 1412 3450 navim

260 3488 269 3502 ’
300 3503 542 3595 deciderunt3
579 3529 670 3580 nam
698 3528 775 3579 uno
800 3503 964 3601 impetu,
992 3528 1069 3578 non
1097 3505 1267 3603 amplius
1294 3507 1411 3604 quam
1440 3529 1444 3536 ·

299 3638 466 3709 duorum
502 3633 564 3710 vel
599 3634 719 3709 trium
754 3634 939 3732 jugerum
974 3632 1147 3731 spatium
1171 3636 1410 3738 =pervolant;

299 3765 383 3839 tinn
401 3764 543 3865 pinnas
562 3768 649 3839 abre
667 3763 875 3841 exsiccatas
893 3761 1004 3862 aquis
1018 3762 1414 3862 rursustimmergunt
