3200 5530
829 605 879 678 12

294 820 550 920 abripientem
570 827 609 896 et
634 820 861 896 allidentem
880 846 1020 896 naves:
1050 828 1094 897 ut
1119 821 1287 897 alterum
1311 820 1406 896 inte-

293 949 369 1024 rim
414 950 621 1026 discrimen
664 957 811 1026 taccam
856 975 932 1050 quo
968 951 1139 1026 defuncti
1179 975 1314 1025 sumus
1358 950 1408 1024 ad

294 1080 475 1156 Castrum
501 1080 733 1172 Yarmouth,
762 1079 866 1154 Nam
897 1085 1014 1155 vento
1040 1086 1078 1156 et
1108 1085 1206 1155 aestu
1234 1081 1420 1177 urgente,¹

294 1211 381 1284 clun
414 1209 588 1285 nondum
619 1208 774 1307 receptet
805 1207 976 1282 anchora
1005 1207 1255 1300 haereremus,
1287 1206 1407 1304 prope

293 1345 376 1414 erat
406 1345 450 1414 ut
481 1337 593 1414 navis
625 1340 674 1413 ad
702 1344 849 1413 terram
881 1336 1129 1412 allideretur:
1171 1335 1247 1411 nisi
1279 1335 1406 1410 subito

294 1467 334 1541 vi
361 1469 504 1566 magna
529 1467 668 1558 aversi,
696 1493 781 1542 eam
809 1465 910 1541 mari
941 1466 1229 1566 immergentes,
1257 1466 1405 1564 pericu·

293 1596 388 1690 lum,
425 1596 506 1672 Deo
541 1591 722 1695 propitio,
758 1594 1033 1688 elusissemus3
1078 1595 1144 1693 qui
1180 1595 1252 1670 hoc
1287 1594 1405 1670 etiam

292 1727 455 1825 pignore
497 1724 746 1825 protectionis
781 1749 863 1799 suae
899 1748 968 1799 nos
1013 1722 1196 1822 dignatus
1232 1731 1301 1816 est,
1337 1749 1406 1822 per

274 1854 433 1930 ,merita
460 1854 506 1929 Sl
538 1853 761 1930 Clementis.
821 1852 895 1928 Die
922 1851 991 1927 illo
1021 1852 1088 1950 qui
1119 1852 1160 1928 in
1191 1853 1405 1940 Sabbatum

292 1984 441 2078 incidit,
469 1991 508 2060 et
538 1991 647 2060 nocte
677 1983 906 2082 insequente
934 1983 1062 2058 ventis
1095 1983 1156 2058 usi
1187 2009 1323 2058 sumus
1351 1983 1407 2058 ita

292 2113 482 2208 secundia,
502 2121 546 2189 ut
572 2121 724 2212 postero
744 2113 806 2188 die
833 2137 948 2188 mane
972 2112 1073 2188 circa
1098 2114 1235 2187 horam
1263 2139 1405 2188 nonam

291 2241 565 2342 reliquerimus
594 2243 617 2317 d
642 2248 750 2340 tergo
780 2241 1098 2316 Promontorium
1127 2240 1286 2340 Angliac
1311 2241 1404 2316 occi·

292 2370 414 2446 duum
447 2375 486 2445 et
510 2369 659 2444 insulas
695 2369 921 2462 Scillinas,(³)
948 2368 1102 2467 placido
1134 2395 1251 2444 cursu
1281 2370 1406 2468 magis

290 2498 331 2572 in
359 2523 536 2573 occasum
555 2497 677 2589 versi;
706 2496 878 2596 legentes
903 2522 1091 2572 oceanum
1118 2498 1405 2592 Britannicum,

291 2653 415 2727 neque
449 2634 580 2702 tamen
616 2632 806 2726 quantum
842 2626 1104 2725 potuissemus
1137 2628 1404 2721 accelerantes,

292 2781 340 2832 ne
357 2756 522 2832 celocem
549 2756 639 2854 plus
658 2755 778 2830 nimio
802 2761 1097 2854 praecurrentes
1118 2755 1187 2830 illa
1214 2756 1350 2831 Turcis
1369 2763 1407 2831 et

291 2884 436 2960 Piratis
463 2910 570 2960 mare
587 2885 689 2960 illud
715 2885 946 2983 plerumque
970 2883 1244 2960 infestantibus
1271 2888 1406 2982 praeda

292 3016 412 3092 fieret,
452 3065 457 3075 ·

342 3145 448 3221 Hinc
474 3147 697 3222 factumest
723 3151 767 3220 ut
794 3143 970 3219 oneraria
996 3142 1163 3242 insignis
1190 3145 1406 3218 vasorum(⁴)

292 3283 570 3370 sexcentorum,
590 3276 652 3350 cui
679 3300 819 3350 nomen
839 3275 862 3348 a
881 3276 1050 3350 Dracone
1068 3276 1204 3350 datum
1227 3281 1296 3368 cst,
1316 3276 1405 3350 cum

292 3402 470 3479 Londino
501 3405 670 3503 profecta
699 3403 880 3501 angolam
912 3409 1071 3499 peteret,
1102 3429 1171 3478 nos
1200 3404 1302 3480 circa
1328 3411 1405 3479 ter-

290 3533 387 3609 tiam
423 3534 731 3631 pomeridianam
772 3538 1053 3630 assequeretur.
1123 3533 1176 3608 Et
1219 3535 1404 3632 quoniam

290 3663 462 3762 periculo
489 3665 713 3762 perfunctis
736 3663 951 3762 voluptatis
973 3664 1058 3762 jam
1085 3664 1236 3764 aliquid
1262 3665 1404 3741 admit·

290 3801 372 3870 tere
406 3796 581 3888 vacabat,
612 3783 832 3894 jucundum
868 3799 953 3868 erat
994 3800 1169 3892 spectare
1208 3819 1272 3870 cas
1308 3796 1405 3870 duas

391 3980 520 4048 raeemy.
873 3978 1303 4044 <cronacamraenaoocon
