3198 5562
381 784 630 882 Quapropter
672 782 952 860 Nobilissimus
994 784 1098 861 Baro
1132 785 1234 862 circe
1267 784 1443 862 medium

331 915 599 1012 Septembrem
626 914 802 1012 proxime
819 913 1098 1013 insequentem,
1116 915 1157 989 in
1176 940 1221 989 ea
1245 915 1339 1007 loca,
1359 914 1443 988 Deo

331 1045 553 1142 adjuvante,
582 1043 669 1118 vela
694 1043 867 1118 facturus
894 1052 972 1118 est:
1001 1044 1136 1143 iisque,
1164 1068 1259 1142 quos
1286 1042 1372 1136 sibi,
1400 1042 1441 1117 in

329 1175 410 1249 tem
442 1172 636 1272 praeclaro
660 1170 824 1269 incepto,
854 1172 975 1247 socios
1006 1198 1050 1247 ac
1081 1173 1276 1270 adjutores
1304 1177 1442 1245 nactus

329 1303 457 1397 fuerit,
489 1301 796 1378 cumulatissime
833 1304 958 1378 multa
994 1329 1037 1378 ac
1074 1301 1292 1402 largissime
1329 1301 1442 1400 polli-

328 1440 447 1510 cetur.

381 1562 556 1652 Quorum
575 1561 615 1637 id
642 1561 815 1660 primurn
834 1586 878 1638 ac
904 1562 1146 1660 praecipuum
1165 1569 1223 1636 est
1241 1565 1301 1658 (ut
1326 1559 1440 1636 omit·

328 1696 411 1766 tam
434 1689 592 1765 honoris
610 1715 654 1765 ac
675 1689 748 1765 loci
767 1690 988 1789 dignitates,
1010 1716 1096 1789 quae
1120 1690 1268 1783 honori,
1288 1689 1437 1782 virtuti,

328 1819 560 1912 fortitudini,
579 1821 771 1918 rebusque
788 1819 907 1918 gestis
931 1820 1145 1895 liberaliter
1163 1845 1206 1894 ac
1230 1817 1438 1893 honorifice

327 1948 567 2045 tribuantur)
583 1949 1147 2048 utquicunque(100)centun1
1164 1947 1303 2022 Libras
1318 1947 1439 2046 angli·

327 2101 443 2151 canas
462 2078 512 2151 ad
538 2076 831 2175 quinqueviros
857 2078 1180 2174 transportandas
1199 2077 1317 2174 (quod
1343 2076 1438 2150 satis

326 2205 401 2281 erit
428 2212 514 2280 tum
545 2207 595 2280 ad
624 2229 744 2298 arma,
774 2211 858 2280 tum
888 2207 938 2280 ad
969 2205 1242 2298 instrumenta,
1272 2211 1356 2279 tum
1389 2207 1437 2280 ad

325 2341 453 2410 vestes
480 2335 586 2410 etad
613 2332 710 2408 alias
736 2358 798 2408 res
825 2332 1076 2429 necessarias)
1104 2333 1336 2427 numerabit,
1356 2334 1438 2409 sive

324 2461 421 2560 ipsis
449 2461 580 2536 visum
611 2461 727 2537 fuerit
755 2486 796 2536 se
827 2461 938 2536 nobis
968 2461 1190 2560 adjungere,
1221 2487 1289 2536 seu
1319 2461 1436 2557 uiroc,

325 2591 608 2691 pecuniamque
642 2590 703 2685 iis,
739 2591 881 2691 quibus
923 2592 995 2666 hoc
1030 2616 1174 2666 munus
1209 2592 1437 2690 impositum

324 2721 452 2815 fuerit,
488 2721 571 2798 sive
614 2720 726 2796 alteri
771 2719 895 2796 cuivis
934 2721 1173 2796 commiserit
1216 2728 1260 2797 ut
1302 2747 1436 2798 eorum

324 2876 458 2926 curam
484 2857 605 2949 gerat,
625 2857 663 2925 et
689 2849 920 2926 divisionem
940 2875 1124 2949 agrorum
1142 2850 1324 2948 recipiat:
1354 2851 1436 2926 suis

324 2981 516 3073 omnibuS,
535 2979 644 3079 suisq
669 2980 890 3055 haeredibus
917 2980 957 3055 in
986 2987 1218 3079 perpetuum
1246 2980 1436 3078 possessio

325 3107 409 3206 agri
427 3106 520 3182 boni
534 3107 638 3203 (200)
654 3107 910 3182 ducentorum
923 3107 1108 3206 jugerum
1124 3106 1438 3205 assignabitur—

324 3237 498 3330 adhaec,
530 3235 564 3311 si
594 3235 635 3310 in
668 3235 795 3334 prime
825 3235 1082 3334 expeditione,
1112 3232 1234 3310 socios
1266 3261 1306 3311 se
1337 3261 1435 3334 prae·

325 3364 496 3442 stiterint
526 3390 712 3465 oporamq
741 3365 935 3459 neverint,
963 3372 1116 3464 partem
1144 3390 1296 3464 quoquc
1325 3350 1435 3440 suam

324 3497 431 3572 haud
465 3495 646 3594 exiguam
681 3495 722 3570 in
757 3496 955 3571 fructuose
990 3497 1325 3590 mercatura—de
1360 3498 1437 3595 que

324 3624 674 3725 postea—aliisque
692 3623 917 3723 privelegiis
936 3624 1187 3700 obtinebunt:
1217 3626 1264 3700 de
1283 3624 1435 3723 quibus,

324 3758 413 3832 clun
440 3757 490 3832 ad
517 3754 748 3854 praedictum
777 3754 972 3864 Baranam
999 3754 1189 3848 venerint,
1218 3755 1436 3830 accuratius

324 3889 419 3962 fient
444 3884 639 3962 certiores.
691 3885 805 3974 Quod
831 3891 960 3960 autern
989 3885 1104 3960 antee
1130 3884 1276 3959 dictum
1304 3891 1364 3960 est
1390 3886 1436 3959 de

326 4015 400 4092 100
430 4012 561 4089 Libris
597 4011 823 4110 anglicanis
853 4013 924 4087 hoc
956 4011 1073 4088 etiam
1102 4014 1150 4087 de
1185 4012 1335 4087 minore
1369 4037 1437 4087 seu

324 4145 471 4244 majore
496 4143 651 4219 summe
676 4141 861 4240 pecuniae,
880 4167 951 4240 pro
976 4143 1062 4219 rate
1088 4141 1264 4240 portione
1282 4143 1331 4216 ab
1359 4167 1435 4216 uno

717 4441 738 4482 a
810 4473 823 4493 -.
