3198 5562
855 591 904 667 38

324 817 490 903 aetatem,
509 816 653 902 carent,
677 807 889 907 pigmentis
914 808 1077 883 barbam
1104 808 1303 900 simulant,
1322 805 1439 881 lineis

324 936 424 1012 varii
461 937 599 1013 coloris
631 938 680 1012 ab
709 935 864 1012 extimis
895 936 1011 1012 labiis
1042 940 1091 1013 ad
1122 963 1236 1013 aures
1272 938 1437 1036 produc-

323 1065 385 1141 tis,
438 1065 648 1140 Oaesariem
670 1090 789 1164 quam
815 1065 1046 1164 plerrlmque
1067 1065 1222 1165 nigram
1244 1065 1437 1156 nutriunt,

323 1194 364 1270 in
409 1197 568 1288 nodum,
613 1197 664 1270 ad
706 1193 905 1269 sinistram
954 1219 1088 1269 aurem
1131 1193 1438 1269 circumductam

257 1397 263 1406 ,
324 1322 424 1399 vitta
453 1323 707 1422 restringunt,
735 1321 867 1399 addito
895 1321 1037 1421 aliquo,
1065 1325 1169 1422 quod
1195 1325 1302 1422 apud
1331 1322 1437 1420 ipsos

324 1455 365 1529 in
393 1453 518 1554 pretio
536 1454 598 1549 sit,
618 1451 766 1528 monili.
820 1452 990 1542 Quidam
1008 1452 1050 1528 in
1073 1455 1200 1528 fronte
1225 1453 1438 1551 praeferunt

324 1583 441 1682 piscis
475 1585 642 1683 liguram
677 1607 873 1681 cupream.
939 1581 1049 1658 Colla
1083 1582 1268 1658 muniunt
1301 1580 1436 1657 vitreis

324 1714 494 1812 globulis
523 1714 588 1789 filo
616 1711 784 1806 insertis,
816 1737 923 1788 more
954 1693 1174 1811 torquium
1213 1712 1435 1816 quanquam

324 1843 367 1918 hi
400 1843 550 1942 globuli
581 1841 740 1918 viliores
775 1844 880 1940 apud
914 1842 1019 1940 ipsos
1050 1867 1133 1918 esse
1162 1841 1367 1939 incipiunt,
1399 1847 1436 1916 et

326 1973 555 2050 commercio
585 1973 716 2049 mimis
748 1972 874 2048 utiles.

388 2103 633 2197 Vestiuntur,
674 2110 719 2179 ut
765 2102 994 2202 plurimum,
1030 2103 1132 2202 pelle
1175 2101 1333 2179 cervina
1375 2101 1436 2176 vel

325 2233 466 2309 similis
502 2232 655 2333 generis
689 2232 788 2326 velo,
816 2233 920 2330 quod
956 2233 979 2306 a
1013 2238 1122 2331 tergo
1158 2231 1248 2307 fluit
1281 2230 1322 2305 in
1358 2255 1435 2304 rno-

326 2366 421 2438 dum
456 2361 578 2460 pallii.
649 2360 774 2436 Oincti
814 2362 864 2435 ad
902 2359 1133 2436 umbilicum
1176 2359 1434 2460 perizomatis‚

325 2496 453 2566 cetera
495 2490 601 2565 nudi.
671 2489 858 2587 Impubes
902 2489 1014 2587 paeri
1058 2488 1287 2588 puellaeque,
1329 2488 1438 2563 nulla

326 2644 368 2694 re
402 2619 493 2694 tecti
532 2623 738 2718 vagantur.
808 2617 961 2695 Plantis
996 2620 1142 2717 pedum
1173 2620 1283 2694 velut
1317 2643 1437 2692 cornu

327 2747 447 2840 duris
483 2746 616 2845 spinas
655 2746 898 2846 tribulosque
932 2746 1083 2822 calcant
1116 2747 1243 2823 illaesi.
1313 2748 1439 2822 Arma

327 2882 429 2969 sunt,
455 2900 567 2951 arcus
598 2883 637 2950 et
667 2875 820 2975 sagittae
848 2878 945 2952 duos
973 2875 1123 2952 cubitos
1153 2878 1291 2976 longae,
1319 2901 1439 2952 cornu

327 3006 494 3101 cervino,
531 3007 594 3082 vel
629 2983 718 3082 albo
761 3014 1033 3106 praesenteque
1072 3007 1180 3084 silice
1215 3016 1440 3084 armatae.-

328 3136 414 3210 Has
441 3138 551 3211 tanta
581 3143 663 3212 arte
693 3124 850 3230 librant,
879 3142 923 3211 ut
952 3163 1148 3236 passerem
1180 3139 1332 3214 eminirs
1361 3163 1438 3213 mc·

328 3265 438 3341 dium
466 3268 671 3364 configant.
703 3273 823 3364 utque
858 3291 898 3342 se
929 3270 979 3342 ad
1013 3268 1195 3366 peritiam
1226 3263 1438 3360 exerceant,

330 3396 445 3470 locam
475 3395 566 3493 (sic;
602 3396 700 3470 forte
729 3395 867 3491 telum)
893 3395 933 3470 in
965 3395 1134 3472 sublime
1164 3395 1439 3495 jaciunt,ti1m

327 3513 539 3624 impulsam
583 3551 702 3600 nervo
746 3524 930 3623 sagittam
970 3527 1077 3623 (telo)
1118 3527 1289 3626 infigunt
1332 3532 1436 3608 ante·

330 3656 445 3753 quam
491 3655 653 3731 decidat.
731 3657 838 3728 Arcu
881 3654 1065 3752 quoniam
1107 3680 1184 3730 non
1229 3655 1439 3730 admodum

330 3790 508 3860 contento
533 3790 708 3876 utuntur,
728 3789 872 3857 metam
899 3783 1013 3882 longe
1040 3785 1208 3883 positam
1230 3782 1345 3858 ferire
1363 3806 1440 3856 non

329 3923 503 4014 possunt.
545 3915 621 3990 His
648 3913 768 3988 armis
795 3911 947 4006 vivunt,
967 3920 1006 3988 et
1031 3913 1204 4012 quotidie
1230 3937 1301 4011 per
1327 3936 1440 4010 agros
