3198 5562
809 567 862 644 le

332 783 516 860 Alterum
533 783 737 883 appellant
762 782 1001 858 Pilawareffl’
1019 781 1087 858 ubi
1114 782 1267 881 integro
1296 801 1419 888 anno·

282 915 493 990 asellorum
536 914 724 1014 (Codfish)
772 913 936 1012 piscatio
971 920 1041 1006 est,
1077 915 1147 988 sed
1190 937 1267 986 non
1305 909 1414 984 adeo

283 1047 486 1121 commoda
517 1043 594 1120 nisi
624 1043 826 1120 mensibus
857 1041 1149 1143 frigidioribus;
1185 1043 1277 1117 nam
1309 1036 1413 1115 cali·

284 1173 412 1250 diores
437 1173 520 1250 sale
545 1173 696 1250 condiri
714 1181 862 1250 vetant.
916 1175 977 1250 Ae
1003 1174 1088 1248 haee
1112 1173 1274 1272 quidem
1287 1176 1412 1246 tanta

284 1303 460 1404 piscandi
478 1301 590 1402 copia
613 1302 705 1378 hinc
730 1303 785 1396 fit,
805 1304 910 1401 quod
935 1309 1078 1378 ventus
1095 1301 1163 1400 qui
1181 1327 1206 1376 a
1222 1296 1411 1375 Canariis

284 1432 387 1509 inter
404 1432 627 1532 aquilonem
644 1441 683 1508 et
708 1431 899 1507 orientem
916 1433 1140 1508 constanter
1164 1429 1302 1530 spirat,
1322 1426 1411 1502 vol-

285 1563 345 1640 vit
369 1589 556 1640 oceanum
582 1562 778 1663 simulque
803 1563 928 1661 pisces
948 1562 989 1638 in
1016 1549 1406 1638 aestuarium'Mexi·

285 1717 447 1768 canum:
484 1692 551 1768 nbi
586 1693 674 1767 oum
710 1717 779 1768 neo
813 1691 855 1766 in
890 1691 1080 1768 orientem
1115 1715 1186 1766 neo
1219 1695 1403 1764 austrum

284 1821 414 1898 evolvi
433 1823 559 1914 datur,
578 1845 721 1920 magno
747 1821 898 1919 impetu
916 1819 956 1895 in
975 1820 1199 1919 aquilonem
1224 1816 1401 1916 pellitur,

284 1975 430 2050 perque
452 1975 540 2025 oras
567 1951 749 2043 Floridae‚
767 1950 971 2051 Virginiae‚
992 1949 1268 2052 Marylandiae,
1287 1971 1403 2022 novae

285 2077 443 2179 Angliae
458 2103 640 2178 magnam
655 2103 786 2154 secum
801 2079 1096 2155 multitudinem
1115 2077 1280 2178 piscium
1295 2101 1403 2152 ever·

284 2208 348 2304 rit,
367 2207 434 2308 qui
461 2209 553 2284 dum
582 2216 702 2284 coetos
728 2209 896 2308 fugiunt,
915 2211 966 2285 ad
992 2210 1077 2286 loca
1094 2213 1241 2286 vadosa
1266 2210 1399 2283 confu-

285 2337 401 2438 giunt
426 2335 492 2412 ubi
519 2335 672 2412 facilius
698 2337 723 2412 ὰ
747 2337 1008 2435 piscatoribus
1034 2337 1256 2436 capiuntur.

337 2469 523 2547 Flumina
548 2479 641 2546 sunt
658 2469 770 2545 varia
787 2476 903 2570 atque
929 2471 1087 2573 inclyta,
1106 2497 1272 2571 quorum
1300 2495 1397 2568 praa·

184 2652 189 2665 .
285 2597 444 2697 cipuum
463 2599 657 2673 altomeek
676 2598 951 2696 (Patowmeek,
967 2599 1167 2699 Potomac)
1187 2598 1398 2698 appellant,

286 2725 527 2825 navigationi
554 2733 831 2826 opportunum,
860 2730 934 2804 140
960 2729 1087 2804 millia
1117 2729 1312 2805 Passuum
1340 2728 1396 2803 iu·

286 2854 411 2930 fluens
441 2855 482 2930 in
514 2855 714 2947 orientem,
746 2857 814 2931 ubi
850 2859 1125 2934 commercium
1161 2885 1249 2934 cum
1286 2857 1397 2934 Indis

284 2987 367 3060 tam
401 2991 666 3083 quaestuosum
710 2987 887 3080 habetur,
924 2995 968 3064 ut
1010 2995 1202 3064 mercator
1237 2987 1396 3086 quidam

285 3115 424 3206 40‚000
453 3138 660 3190 aureorum
695 3115 833 3214 pretio,
864 3116 987 3214 pelles
1022 3117 1225 3192 Castorum
1259 3115 1398 3190 ultimo

286 3267 387 3318 anno
422 3242 664 3337 convexerit3
707 3270 751 3319 ac
789 3251 1019 3320 mercaturae
1052 3244 1164 3320 labor
1197 3242 1398 3342 trigesimo

285 3375 432 3449 foenore
459 3381 743 3473 compensatur.

337 3503 385 3578 Iu
419 3500 582 3599 planitie
616 3529 659 3578 ac
690 3505 836 3603 apertis
870 3504 1030 3604 campis,
1062 3504 1174 3604 copia
1207 3504 1397 3604 graminis

287 3657 453 3731 magna:
498 3633 566 3706 sed
608 3632 714 3730 regio
757 3632 896 3732 majori
931 3659 979 3709 ex
1021 3641 1132 3732 parte
1175 3633 1398 3710 nemoribus

286 3783 425 3858 opaca:
466 3781 631 3856 quercus
660 3757 935 3856 juglandes<¹⁸>
968 3759 1315 3858 frequentissimae:
1355 3783 1398 3834 ao

287 3886 501 3988 quereusl¹⁰l
518 3885 675 3984 quidem
707 3886 763 3962 ita
779 3894 896 3962 rectae
922 3913 966 3963 ac
997 3914 1167 3987 procerae
1197 3895 1242 3964 ut
1266 3889 1396 3964 trabes

285 4017 377 4093 inde
402 4016 486 4092 fieri
512 4014 664 4115 possint
689 4015 779 4091 altae
805 4018 855 4092 60
880 4019 1038 4114 pedum,
1059 4017 1150 4092 latae
1176 4019 1201 4092 2
1227 4025 1266 4092 et
1283 4015 1396 4091 dimi-

353 4206 394 4252 (17)
400 4205 549 4257 Delaware.
742 4206 913 4274 (lsslflickory
927 4213 1002 4258 trem.
1198 4206 1238 4254 (¹⁹)
1248 4206 1328 4257 Oaks.
