3200 5530
804 558 854 632 24

321 772 540 850 Hominum
571 774 749 849 acerbam
780 774 1026 850 severitatem
1064 773 1220 848 Divinae
1250 771 1386 848 Provi-

271 905 413 980 dentiae
439 902 694 978 consideratio
721 903 928 1002 mitigavit.
980 903 1253 980 Intelleximus
1279 902 1384 977 enim

164 1023 166 1028 ¹
270 1036 321 1110 ad
345 1035 524 1110 Insulam
552 1033 776 1110 Bouavistae
795 1041 897 1110 stare
916 1035 1088 1110 Classem
1113 1032 1382 1132 Hispanicam,

271 1189 346 1262 quo
378 1171 528 1239 exteros
558 1188 692 1239 omues
727 1161 828 1238 Salis
859 1163 1088 1238 commercio
1119 1161 1382 1261 prohiberent·

272 1293 348 1368 Illb
374 1293 407 1368 si
434 1295 549 1391 porro
575 1293 907 1368 contendissemus
936 1292 1074 1368 itinere
1101 1291 1321 1384 constituto,
1344 1291 1383 1364 in

271 1447 407 1516 casses,
435 1424 569 1521 praeda
595 1421 697 1516 facti,
718 1423 1004 1500 decidissemus.
1057 1421 1201 1520 Majori
1227 1419 1384 1495 interim

272 1552 443 1651 periculo
471 1555 520 1628 ad
547 1552 770 1628 Barbadoes
789 1553 933 1651 erepti:
961 1551 1141 1628 famuliffll
1167 1575 1237 1649 per
1262 1557 1384 1624 totam

271 1682 441 1757 insulam
467 1681 507 1756 in
536 1706 667 1757 necem
695 1682 952 1758 Dominarum
980 1679 1382 1781 conspirarent3ti1m

273 1811 418 1888 scilicet
459 1810 501 1884 iu
545 1809 765 1886 libertatem
806 1813 954 1906 asserti,
991 1812 1083 1888 navi
1127 1837 1214 1910 quae
1257 1835 1385 1909 prrma

273 1941 497 2040 appelleret,
542 1939 680 2042 potiri
708 1948 926 2018 statuerant
970 1951 1009 2018 et
1050 1948 1201 2017 tentare
1248 1939 1384 2014 maria.

273 2061 547 2169 Oonjuratioue
578 2072 770 2169 patefacti
804 2098 874 2171 per
904 2075 1113 2173 quemdam
1144 2097 1260 2170 quem
1295 2069 1384 2144 facti

273 2199 453 2276 atrocitas
489 2201 717 2294 deterrebat,
750 2201 986 2300 supplicium
1023 2202 1139 2277 unius
1169 2226 1217 2275 ex
1251 2197 1382 2297 praeci-

273 2329 372 2428 puis,
406 2337 445 2405 et
487 2329 627 2405 insulae
662 2331 859 2406 securitati
902 2340 940 2407 et
983 2331 1094 2406 nobis
1138 2329 1255 2404 saluti
1298 2327 1382 2402 fuit.

274 2459 419 2536 Nostra
445 2458 547 2534 enim
569 2459 691 2553 navis,
712 2467 754 2535 ut
772 2487 860 2560 quae
885 2462 1015 2560 prima
1040 2459 1163 2536 littori
1182 2457 1382 2556 applicuit,

273 2593 417 2690 praedae
443 2590 635 2666 destinata
661 2592 806 2684 fuerat3
834 2598 874 2666 et
898 2617 941 2666 eo
968 2591 1052 2689 ipso
1071 2589 1134 2665 die
1159 2613 1235 2688 quo
1263 2611 1384 2685 appu·

272 2721 405 2820 limus,
424 2720 663 2820 octingentos
690 2721 729 2796 in
757 2722 877 2797 armis
903 2721 1130 2820 reperimus,
1157 2720 1233 2817 qub
1258 2741 1386 2792 receu-

164 2883 175 2890 ·
273 2848 424 2924 tissimo
451 2848 586 2924 sceleri
621 2849 837 2926 obviarent.
940 2923 943 2928 .

325 2979 472 3054 Insulae
496 2979 760 3055 Barbadoeum
779 2983 829 3059 30
855 2980 1046 3056 Milliaria
1064 2979 1235 3055 continet
1260 2976 1383 3076 longi·

273 3109 379 3200 tudo,
398 3107 565 3184 latitudo
585 3110 651 3185 16:
678 3111 864 3208 gradibus
886 3113 945 3188 13.
965 3112 1013 3185 ab
1032 3117 1239 3208 aequatore,
1259 3107 1385 3182 calore

274 3242 383 3312 tanto
414 3243 458 3311 ut
488 3237 635 3332 incolae,
664 3238 1092 3338 hybernis'mensibus,
1124 3237 1240 3312 lineis
1269 3235 1385 3311 vesti·

275 3372 402 3459 antur,
422 3373 460 3440 et
486 3366 595 3464 aquis
614 3392 654 3442 se
672 3368 815 3466 saepius
842 3369 1090 3467 immergant.
1141 3365 1283 3442 Messis
1301 3367 1384 3440 tiun
