3198 5562
812 589 863 665 40

280 806 380 899 lant;
409 813 573 904 utraque
599 831 647 880 ex
672 805 801 882 tritico
820 807 979 904 (indico)
998 805 1199 882 conficitur
1226 805 1389 878 addunt·

280 961 354 1033 que
372 935 570 1012 interdum
590 934 745 1034 piscem,
766 936 828 1010 vel
853 939 957 1035 quod
976 941 1131 1028 venatu,
1152 933 1390 1031 aucupicque

280 1065 446 1141 assecuti
473 1071 575 1142 sunt.
636 1064 786 1140 Oavcnt
811 1064 885 1140 sibi
912 1066 1030 1164 quam
1057 1063 1226 1138 maxime
1252 1063 1276 1137 a
1301 1061 1390 1137 vino

280 1199 319 1268 et
344 1191 567 1291 potionibus
593 1190 730 1266 calidis
757 1192 968 1289 (crematis)
996 1216 1120 1290 neque
1146 1192 1392 1266 adducuntur

279 1321 391 1397 facilc
418 1329 461 1396 ut
487 1345 551 1396 eas
578 1323 796 1419 degustent,
816 1321 892 1396 nisi
919 1346 1016 1420 quos
1043 1320 1150 1420 angli
1176 1320 1258 1395 suis
1285 1319 1391 1394 vitiis

279 1451 492 1527 infecerint.
546 1451 659 1540 Quod
687 1453 737 1525 ad
763 1449 981 1526 castitatem
1008 1451 1158 1542 attinet,
1181 1450 1304 1524 fateor
1331 1473 1391 1523 me

281 1582 455 1657 nondum
486 1578 701 1656 advertisse
735 1579 775 1654 in
806 1580 892 1656 virc
925 1581 988 1656 vel
1024 1579 1170 1656 femina
1200 1578 1390 1654 actionem

281 1713 403 1788 ullam
429 1737 517 1810 quae
544 1711 607 1786 vel
633 1709 834 1786 levitatem
860 1718 1028 1810 saperet:
1061 1710 1234 1810 quotidie
1259 1717 1390 1784 tamen

280 1841 481 1918 nobiscum
499 1847 538 1915 ct
564 1842 669 1938 apud
698 1865 767 1915 nos
794 1848 896 1934 sunt,
915 1851 954 1918 et
978 1848 1110 1917 nostro
1136 1843 1309 1940 gaudent
1334 1840 1390 1915 uti

280 1971 483 2048 consortio.
536 1971 739 2046 Accurunt
765 1979 913 2069 sponte,
932 1973 1047 2048 vultu
1074 1974 1124 2047 ad
1151 1971 1390 2048 hilaritatem

280 2099 502 2198 compositu,
526 2105 564 2174 et
590 2099 758 2175 offerunt
783 2125 870 2198 qum
896 2101 1028 2176 venati
1054 2101 1117 2176 vel
1145 2100 1284 2199 piscati
1312 2101 1387 2175 fue*

280 2231 381 2323 rint3
423 2229 528 2304 cibos
559 2228 676 2304 etiam
712 2228 934 2328 aliquando,
966 2238 1005 2306 et
1035 2237 1162 2306 ostrea
1192 2236 1299 2305 cocta
1329 2230 1389 2304 vel

279 2360 424 2437 arsace)
451 2419 459 2435 .
488 2418 495 2434 .
525 2417 533 2434 .
563 2418 570 2434 .
598 2357 715 2456 idque
746 2358 879 2456 paucis
910 2359 1078 2454 invitati,
1108 2360 1265 2459 liuguae,
1295 2358 1389 2458 ipsis

280 2490 510 2581 vernaculae,
530 2485 659 2564 verbis
677 2512 765 2585 quae
792 2513 861 2585 per
882 2488 995 2588 signa
1020 2491 1222 2566 hactemus
1241 2496 1387 2566 utcum·

280 2646 356 2719 qne
385 2618 604 2694 didicimus.
658 2617 798 2692 Plures
830 2620 977 2695 ducunt
1007 2647 1164 2714 uxorcs3
1197 2621 1388 2720 integram

279 2757 410 2823 tamen
440 2751 599 2821 servant
625 2747 742 2820 fidem
773 2748 1030 2847 conjugalem.
1083 2751 1300 2827 Mulierum
1331 2775 1390 2824 as-

246 2873 251 2882 ’
281 2884 415 2975 pectus
441 2873 573 2974 gravis
600 2880 658 2949 est
684 2880 723 2948 et
748 2878 958 2952 modestus.

333 3006 381 3080 In
410 3003 638 3080 universnm
669 3002 850 3080 liberales
877 3009 1058 3086 nutriunt
1086 3011 1253 3087 animos:
1286 3009 1389 3108 quic·

280 3133 376 3233 quid
397 3132 572 3208 beneficii
590 3132 811 3227 contuleriS,
830 3141 1062 3234 rependunt.
1116 3141 1227 3216 Nihil
1246 3140 1391 3216 temere

282 3264 505 3352 decernunt,
525 3265 592 3335 aut
618 3259 746 3334 subito
773 3265 918 3363 arrepti
946 3275 1054 3344 motu
1081 3269 1214 3362 animi,
1237 3271 1305 3344 sed
1332 3294 1392 3342 ra-

281 3388 409 3480 tione,
450 3387 535 3462 ided
571 3388 659 3462 cirm
695 3388 906 3489 quidquam
951 3399 1138 3474 momenti
1183 3399 1392 3496 aliquandi)

281 3516 524 3618 preponitur,
550 3515 665 3590 silent
692 3516 978 3616 aliquantulum
1008 3528 1281 3626 cogitabundi;
1308 3527 1392 3602 tum

314 3723 474 3792 (¹2)(aliquid
486 3721 572 3790 deest)
587 3721 630 3772 Ex
642 3722 747 3792 gratim
769 3729 886 3780 “nostra
898 3731 981 3782 etiam
995 3749 1092 3784 mensae
1104 3733 1253 3798 assidant,''
1267 3733 1348 3798 idque
1390 3761 1393 3765 ·

278 3849 289 3878 Ι
