<?xml version="1.0" encoding="UTF-8"?>
<!DOCTYPE html PUBLIC "-//W3C//DTD XHTML 1.0 Transitional//EN"
    "http://www.w3.org/TR/xhtml1/DTD/xhtml1-transitional.dtd">
<html xmlns="http://www.w3.org/1999/xhtml" xml:lang="en" lang="en">
 <head>
  <title>
</title>
<meta http-equiv="Content-Type" content="text/html;charset=utf-8" />
  <meta name='ocr-system' content='tesseract 3.04.00' />
  <meta name='ocr-capabilities' content='ocr_page ocr_carea ocr_par ocr_line ocrx_word'/>
</head>
<body>
  <div class='ocr_page' id='page_1' title='image "./relatioitineris01dalrgoog_0029.png"; bbox 0 0 3200 5530; ppageno 0'>
   <div class='ocr_carea' id='block_1_1' title="bbox 804 529 853 601">
    <p class='ocr_par' dir='ltr' id='par_1_1' title="bbox 804 529 853 601">
     <span class='ocr_line' id='line_1_1' title="bbox 804 529 853 601; baseline -0.02 0"><span class='ocrx_word' id='word_1_1' title='bbox 804 529 853 601; x_wconf 81' lang='grc'>16</span> 
     </span>
    </p>
   </div>
   <div class='ocr_carea' id='block_1_2' title="bbox 272 742 1392 2784">
    <p class='ocr_par' dir='ltr' id='par_1_2' title="bbox 272 742 1390 950">
     <span class='ocr_line' id='line_1_2' title="bbox 272 742 1390 843; baseline -0.005 -23"><span class='ocrx_word' id='word_1_2' title='bbox 272 749 392 820; x_wconf 92' lang='lat' dir='ltr'>retur.</span> <span class='ocrx_word' id='word_1_3' title='bbox 446 745 546 843; x_wconf 86' lang='lat' dir='ltr'>Ejus</span> <span class='ocrx_word' id='word_1_4' title='bbox 564 768 656 842; x_wconf 87' lang='lat' dir='ltr'>pars</span> <span class='ocrx_word' id='word_1_5' title='bbox 675 768 753 820; x_wconf 91' lang='lat' dir='ltr'>una</span> <span class='ocrx_word' id='word_1_6' title='bbox 772 743 813 818; x_wconf 91' lang='lat' dir='ltr'>in</span> <span class='ocrx_word' id='word_1_7' title='bbox 832 769 939 820; x_wconf 89' lang='lat' dir='ltr'>mare</span> <span class='ocrx_word' id='word_1_8' title='bbox 958 743 1097 837; x_wconf 85' lang='lat' dir='ltr'>delata,</span> <span class='ocrx_word' id='word_1_9' title='bbox 1116 742 1219 840; x_wconf 77' lang='lat' dir='ltr'>aegre</span> <span class='ocrx_word' id='word_1_10' title='bbox 1237 745 1390 838; x_wconf 85' lang='lat' dir='ltr'>recepta</span> 
     </span>
     <span class='ocr_line' id='line_1_3' title="bbox 275 881 345 950; baseline 0.014 -1"><span class='ocrx_word' id='word_1_11' title='bbox 275 881 345 950; x_wconf 88' lang='lat' dir='ltr'>est.</span> 
     </span>
    </p>

    <p class='ocr_par' dir='ltr' id='par_1_3' title="bbox 273 999 1392 2784">
     <span class='ocr_line' id='line_1_4' title="bbox 326 999 1388 1101; baseline -0.004 -24"><span class='ocrx_word' id='word_1_12' title='bbox 326 1003 404 1077; x_wconf 88' lang='lat' dir='ltr'>Hic</span> <span class='ocrx_word' id='word_1_13' title='bbox 431 1001 633 1078; x_wconf 86' lang='lat' dir='ltr'>fortissimi</span> <span class='ocrx_word' id='word_1_14' title='bbox 650 1002 838 1101; x_wconf 88' lang='lat' dir='ltr'>cujusque</span> <span class='ocrx_word' id='word_1_15' title='bbox 864 1000 947 1077; x_wconf 90' lang='lat' dir='ltr'>sive</span> <span class='ocrx_word' id='word_1_16' title='bbox 964 1000 1130 1076; x_wconf 89' lang='lat' dir='ltr'>vectoris</span> <span class='ocrx_word' id='word_1_17' title='bbox 1157 999 1240 1075; x_wconf 87' lang='lat' dir='ltr'>sive</span> <span class='ocrx_word' id='word_1_18' title='bbox 1259 1006 1388 1074; x_wconf 86' lang='lat' dir='ltr'>nautae</span> 
     </span>
     <span class='ocr_line' id='line_1_5' title="bbox 274 1129 1389 1225; baseline -0.002 -19"><span class='ocrx_word' id='word_1_19' title='bbox 274 1138 333 1207; x_wconf 87' lang='lat' dir='ltr'>est</span> <span class='ocrx_word' id='word_1_20' title='bbox 358 1139 626 1209; x_wconf 85' lang='lat' dir='ltr'>consternatus</span> <span class='ocrx_word' id='word_1_21' title='bbox 653 1132 828 1225; x_wconf 84' lang='lat' dir='ltr'>animus3</span> <span class='ocrx_word' id='word_1_22' title='bbox 861 1132 1084 1207; x_wconf 77' lang='lat' dir='ltr'><strong>fatebantur</strong></span> <span class='ocrx_word' id='word_1_23' title='bbox 1112 1130 1216 1206; x_wconf 93' lang='lat' dir='ltr'>enim</span> <span class='ocrx_word' id='word_1_24' title='bbox 1244 1129 1389 1205; x_wconf 91' lang='lat' dir='ltr'>vidisse</span> 
     </span>
     <span class='ocr_line' id='line_1_6' title="bbox 274 1258 1388 1359; baseline -0.005 -23"><span class='ocrx_word' id='word_1_25' title='bbox 274 1286 315 1336; x_wconf 93' lang='lat' dir='ltr'>se</span> <span class='ocrx_word' id='word_1_26' title='bbox 333 1261 430 1336; x_wconf 86' lang='lat' dir='ltr'>alias</span> <span class='ocrx_word' id='word_1_27' title='bbox 449 1286 579 1355; x_wconf 89' lang='lat' dir='ltr'>naves,</span> <span class='ocrx_word' id='word_1_28' title='bbox 598 1260 748 1336; x_wconf 90' lang='lat' dir='ltr'>minore</span> <span class='ocrx_word' id='word_1_29' title='bbox 767 1259 937 1359; x_wconf 77' lang='lat' dir='ltr'>procella</span> <span class='ocrx_word' id='word_1_30' title='bbox 962 1258 1237 1358; x_wconf 84' lang='lat' dir='ltr'>praecipitatas„</span> <span class='ocrx_word' id='word_1_31' title='bbox 1258 1282 1388 1332; x_wconf 88' lang='lat' dir='ltr'>accen-</span> 
     </span>
     <span class='ocr_line' id='line_1_7' title="bbox 275 1386 1386 1488; baseline -0.005 -22"><span class='ocrx_word' id='word_1_32' title='bbox 275 1391 333 1466; x_wconf 85' lang='lat' dir='ltr'>dit</span> <span class='ocrx_word' id='word_1_33' title='bbox 358 1393 451 1466; x_wconf 82' lang='lat' dir='ltr'>vero</span> <span class='ocrx_word' id='word_1_34' title='bbox 477 1389 510 1465; x_wconf 87' lang='lat' dir='ltr'>is</span> <span class='ocrx_word' id='word_1_35' title='bbox 536 1391 651 1465; x_wconf 88' lang='lat' dir='ltr'>turbo</span> <span class='ocrx_word' id='word_1_36' title='bbox 678 1389 967 1466; x_wconf 84' lang='lat' dir='ltr'>Catholicorum</span> <span class='ocrx_word' id='word_1_37' title='bbox 994 1414 1125 1488; x_wconf 81' lang='lat' dir='ltr'>preces</span> <span class='ocrx_word' id='word_1_38' title='bbox 1153 1395 1192 1463; x_wconf 91' lang='lat' dir='ltr'>et</span> <span class='ocrx_word' id='word_1_39' title='bbox 1216 1394 1319 1481; x_wconf 87' lang='lat' dir='ltr'>vota,</span> <span class='ocrx_word' id='word_1_40' title='bbox 1345 1386 1386 1460; x_wconf 91' lang='lat' dir='ltr'>in</span> 
     </span>
     <span class='ocr_line' id='line_1_8' title="bbox 274 1517 1389 1618; baseline -0.002 -24"><span class='ocrx_word' id='word_1_41' title='bbox 274 1519 460 1594; x_wconf 82' lang='lat' dir='ltr'><strong>honorem</strong></span> <span class='ocrx_word' id='word_1_42' title='bbox 487 1520 543 1594; x_wconf 70' lang='lat' dir='ltr'>B,</span> <span class='ocrx_word' id='word_1_43' title='bbox 560 1517 737 1618; x_wconf 80' lang='lat' dir='ltr'>Virginis</span> <span class='ocrx_word' id='word_1_44' title='bbox 764 1519 906 1595; x_wconf 86' lang='lat' dir='ltr'>Matris</span> <span class='ocrx_word' id='word_1_45' title='bbox 925 1526 962 1595; x_wconf 86' lang='lat' dir='ltr'>ct</span> <span class='ocrx_word' id='word_1_46' title='bbox 988 1518 1250 1594; x_wconf 70' lang='lat' dir='ltr'>immaculatae</span> <span class='ocrx_word' id='word_1_47' title='bbox 1276 1518 1389 1617; x_wconf 85' lang='lat' dir='ltr'>Ejus·</span> 
     </span>
     <span class='ocr_line' id='line_1_9' title="bbox 274 1647 1386 1748; baseline 0 -26"><span class='ocrx_word' id='word_1_48' title='bbox 274 1649 363 1723; x_wconf 91' lang='lat' dir='ltr'>dem</span> <span class='ocrx_word' id='word_1_49' title='bbox 394 1648 675 1748; x_wconf 84' lang='lat' dir='ltr'>Conceptionis,</span> <span class='ocrx_word' id='word_1_50' title='bbox 708 1649 839 1724; x_wconf 85' lang='lat' dir='ltr'>Sancti</span> <span class='ocrx_word' id='word_1_51' title='bbox 874 1649 1021 1748; x_wconf 84' lang='lat' dir='ltr'>ignatii</span> <span class='ocrx_word' id='word_1_52' title='bbox 1056 1647 1218 1724; x_wconf 87' lang='lat' dir='ltr'>Patroni</span> <span class='ocrx_word' id='word_1_53' title='bbox 1254 1648 1386 1747; x_wconf 89' lang='lat' dir='ltr'>Mary-</span> 
     </span>
     <span class='ocr_line' id='line_1_10' title="bbox 273 1777 1387 1855; baseline -0.001 -3"><span class='ocrx_word' id='word_1_54' title='bbox 273 1777 418 1853; x_wconf 87' lang='lat' dir='ltr'>landiae</span> <span class='ocrx_word' id='word_1_55' title='bbox 451 1778 581 1854; x_wconf 78' lang='lat' dir='ltr'>Sancti</span> <span class='ocrx_word' id='word_1_56' title='bbox 625 1777 820 1855; x_wconf 90' lang='lat' dir='ltr'>Michaelis</span> <span class='ocrx_word' id='word_1_57' title='bbox 863 1786 902 1855; x_wconf 87' lang='lat' dir='ltr'>et</span> <span class='ocrx_word' id='word_1_58' title='bbox 943 1778 1171 1855; x_wconf 87' lang='lat' dir='ltr'>tutelarium</span> <span class='ocrx_word' id='word_1_59' title='bbox 1210 1777 1387 1852; x_wconf 89' lang='lat' dir='ltr'>omnium</span> 
     </span>
     <span class='ocr_line' id='line_1_11' title="bbox 273 1905 1387 2008; baseline 0.001 -28"><span class='ocrx_word' id='word_1_60' title='bbox 273 1905 419 1981; x_wconf 84' lang='lat' dir='ltr'>ibidem</span> <span class='ocrx_word' id='word_1_61' title='bbox 455 1907 694 2006; x_wconf 88' lang='lat' dir='ltr'>angelorum.</span> <span class='ocrx_word' id='word_1_62' title='bbox 759 1909 813 1984; x_wconf 87' lang='lat' dir='ltr'>Et</span> <span class='ocrx_word' id='word_1_63' title='bbox 854 1908 1019 2008; x_wconf 86' lang='lat' dir='ltr'>quisque</span> <span class='ocrx_word' id='word_1_64' title='bbox 1052 1907 1228 1983; x_wconf 88' lang='lat' dir='ltr'>animum</span> <span class='ocrx_word' id='word_1_65' title='bbox 1272 1933 1387 1982; x_wconf 88' lang='lat' dir='ltr'>suum</span> 
     </span>
     <span class='ocr_line' id='line_1_12' title="bbox 274 2037 1392 2137; baseline 0.004 -27"><span class='ocrx_word' id='word_1_66' title='bbox 274 2037 391 2110; x_wconf 71' lang='lat' dir='ltr'>Sacra</span> <span class='ocrx_word' id='word_1_67' title='bbox 433 2037 758 2137; x_wconf 81' lang='lat' dir='ltr'>Exomoexpiare</span> <span class='ocrx_word' id='word_1_68' title='bbox 801 2040 1068 2116; x_wconf 79' lang='lat' dir='ltr'>contendebat.</span> <span class='ocrx_word' id='word_1_69' title='bbox 1138 2040 1240 2116; x_wconf 78' lang='lat' dir='ltr'>Nalm</span> <span class='ocrx_word' id='word_1_70' title='bbox 1285 2040 1392 2114; x_wconf 44' lang='lat' dir='ltr'>claviw</span> 
     </span>
     <span class='ocr_line' id='line_1_13' title="bbox 275 2165 1386 2269; baseline 0.005 -29"><span class='ocrx_word' id='word_1_71' title='bbox 275 2165 540 2242; x_wconf 84' lang='lat' dir='ltr'>moderamine</span> <span class='ocrx_word' id='word_1_72' title='bbox 562 2169 704 2244; x_wconf 87' lang='lat' dir='ltr'>amisso</span> <span class='ocrx_word' id='word_1_73' title='bbox 723 2170 926 2269; x_wconf 85' lang='lat' dir='ltr'>navigium</span> <span class='ocrx_word' id='word_1_74' title='bbox 947 2171 1032 2269; x_wconf 76' lang='lat' dir='ltr'>jam</span> <span class='ocrx_word' id='word_1_75' title='bbox 1050 2169 1166 2245; x_wconf 91' lang='lat' dir='ltr'>undis</span> <span class='ocrx_word' id='word_1_76' title='bbox 1191 2177 1229 2246; x_wconf 86' lang='lat' dir='ltr'>et</span> <span class='ocrx_word' id='word_1_77' title='bbox 1247 2171 1386 2264; x_wconf 72' lang='lat' dir='ltr'>ventiS,</span> 
     </span>
     <span class='ocr_line' id='line_1_14' title="bbox 275 2295 1385 2399; baseline 0.002 -29"><span class='ocrx_word' id='word_1_78' title='bbox 275 2295 503 2371; x_wconf 90' lang='lat' dir='ltr'>derelictum</span> <span class='ocrx_word' id='word_1_79' title='bbox 526 2296 742 2374; x_wconf 86' lang='lat' dir='ltr'>fluctuabat</span> <span class='ocrx_word' id='word_1_80' title='bbox 759 2299 860 2374; x_wconf 91' lang='lat' dir='ltr'>utin</span> <span class='ocrx_word' id='word_1_81' title='bbox 887 2302 988 2399; x_wconf 74' lang='lat' dir='ltr'>aqut</span> <span class='ocrx_word' id='word_1_82' title='bbox 1007 2299 1147 2392; x_wconf 88' lang='lat' dir='ltr'>discus,</span> <span class='ocrx_word' id='word_1_83' title='bbox 1166 2299 1261 2375; x_wconf 82' lang='lat' dir='ltr'>dum</span> <span class='ocrx_word' id='word_1_84' title='bbox 1280 2299 1385 2374; x_wconf 91' lang='lat' dir='ltr'>Deus</span> 
     </span>
     <span class='ocr_line' id='line_1_15' title="bbox 274 2421 1387 2526; baseline 0.003 -27"><span class='ocrx_word' id='word_1_85' title='bbox 274 2425 392 2500; x_wconf 87' lang='lat' dir='ltr'>saluti</span> <span class='ocrx_word' id='word_1_86' title='bbox 422 2421 528 2500; x_wconf 72' lang='lat' dir='ltr'>riam</span> <span class='ocrx_word' id='word_1_87' title='bbox 559 2426 739 2526; x_wconf 89' lang='lat' dir='ltr'>aperiret.</span> <span class='ocrx_word' id='word_1_88' title='bbox 804 2427 935 2522; x_wconf 85' lang='lat' dir='ltr'>initio,</span> <span class='ocrx_word' id='word_1_89' title='bbox 967 2429 1099 2522; x_wconf 86' lang='lat' dir='ltr'>fateor,</span> <span class='ocrx_word' id='word_1_90' title='bbox 1132 2435 1387 2526; x_wconf 85' lang='lat' dir='ltr'>occupaverat</span> 
     </span>
     <span class='ocr_line' id='line_1_16' title="bbox 273 2553 1387 2655; baseline 0.004 -27"><span class='ocrx_word' id='word_1_91' title='bbox 273 2553 377 2629; x_wconf 60' lang='lat' dir='ltr'>orell)</span> <span class='ocrx_word' id='word_1_92' title='bbox 395 2563 521 2630; x_wconf 90' lang='lat' dir='ltr'>metus</span> <span class='ocrx_word' id='word_1_93' title='bbox 548 2555 774 2632; x_wconf 82' lang='lat' dir='ltr'>amittendae</span> <span class='ocrx_word' id='word_1_94' title='bbox 801 2557 912 2632; x_wconf 78' lang='lat' dir='ltr'>naris</span> <span class='ocrx_word' id='word_1_95' title='bbox 930 2565 968 2632; x_wconf 92' lang='lat' dir='ltr'>et</span> <span class='ocrx_word' id='word_1_96' title='bbox 994 2558 1108 2649; x_wconf 80' lang='lat' dir='ltr'>vitae3</span> <span class='ocrx_word' id='word_1_97' title='bbox 1135 2565 1269 2655; x_wconf 89' lang='lat' dir='ltr'>postea</span> <span class='ocrx_word' id='word_1_98' title='bbox 1295 2560 1387 2632; x_wconf 80' lang='lat' dir='ltr'>vero</span> 
     </span>
     <span class='ocr_line' id='line_1_17' title="bbox 273 2685 1387 2784; baseline 0.003 -27"><span class='ocrx_word' id='word_1_99' title='bbox 273 2685 391 2782; x_wconf 76' lang='lat' dir='ltr'>quam</span> <span class='ocrx_word' id='word_1_100' title='bbox 422 2691 578 2782; x_wconf 87' lang='lat' dir='ltr'>tompus</span> <span class='ocrx_word' id='word_1_101' title='bbox 609 2685 767 2784; x_wconf 85' lang='lat' dir='ltr'>aliquod</span> <span class='ocrx_word' id='word_1_102' title='bbox 797 2686 974 2779; x_wconf 85' lang='lat' dir='ltr'>orationi,</span> <span class='ocrx_word' id='word_1_103' title='bbox 1002 2685 1145 2779; x_wconf 90' lang='lat' dir='ltr'>minus,</span> <span class='ocrx_word' id='word_1_104' title='bbox 1177 2711 1248 2784; x_wconf 90' lang='lat' dir='ltr'>pro</span> <span class='ocrx_word' id='word_1_105' title='bbox 1279 2711 1387 2760; x_wconf 92' lang='lat' dir='ltr'>more</span> 
     </span>
    </p>
   </div>
   <div class='ocr_carea' id='block_1_3' title="bbox 204 2811 1388 3690">
    <p class='ocr_par' dir='ltr' id='par_1_4' title="bbox 204 2811 1388 3690">
     <span class='ocr_line' id='line_1_18' title="bbox 273 2811 1387 2914; baseline 0.003 -29"><span class='ocrx_word' id='word_1_106' title='bbox 273 2837 358 2886; x_wconf 90' lang='lat' dir='ltr'>meo</span> <span class='ocrx_word' id='word_1_107' title='bbox 377 2811 613 2910; x_wconf 75' lang='lat' dir='ltr'>quotidiam,</span> <span class='ocrx_word' id='word_1_108' title='bbox 632 2813 762 2912; x_wconf 81' lang='lat' dir='ltr'>tepide</span> <span class='ocrx_word' id='word_1_109' title='bbox 788 2813 1078 2914; x_wconf 83' lang='lat' dir='ltr'>impendissem,</span> <span class='ocrx_word' id='word_1_110' title='bbox 1098 2821 1214 2913; x_wconf 88' lang='lat' dir='ltr'>atque</span> <span class='ocrx_word' id='word_1_111' title='bbox 1232 2813 1387 2888; x_wconf 82' lang='lat' dir='ltr'>Christo</span> 
     </span>
     <span class='ocr_line' id='line_1_19' title="bbox 275 2941 1388 3042; baseline -0.001 -24"><span class='ocrx_word' id='word_1_112' title='bbox 275 2941 453 3036; x_wconf 87' lang='lat' dir='ltr'>Domine,</span> <span class='ocrx_word' id='word_1_113' title='bbox 482 2942 538 3016; x_wconf 71' lang='lat' dir='ltr'>Bne</span> <span class='ocrx_word' id='word_1_114' title='bbox 559 2943 728 3042; x_wconf 81' lang='lat' dir='ltr'>Virgini,</span> <span class='ocrx_word' id='word_1_115' title='bbox 757 2945 809 3018; x_wconf 67' lang='lat'>8²⁰</span> <span class='ocrx_word' id='word_1_116' title='bbox 836 2943 991 3042; x_wconf 79' lang='lat' dir='ltr'>ignatio</span> <span class='ocrx_word' id='word_1_117' title='bbox 1018 2949 1057 3018; x_wconf 90' lang='lat' dir='ltr'>et</span> <span class='ocrx_word' id='word_1_118' title='bbox 1082 2944 1231 3042; x_wconf 89' lang='lat' dir='ltr'>angelis</span> <span class='ocrx_word' id='word_1_119' title='bbox 1268 2943 1388 3018; x_wconf 84' lang='lat' dir='ltr'>Mari·</span> 
     </span>
     <span class='ocr_line' id='line_1_20' title="bbox 273 3072 1386 3174; baseline 0.004 -28"><span class='ocrx_word' id='word_1_120' title='bbox 273 3072 416 3148; x_wconf 83' lang='lat' dir='ltr'>landiae</span> <span class='ocrx_word' id='word_1_121' title='bbox 435 3073 710 3172; x_wconf 82' lang='lat' dir='ltr'>exposuissem,</span> <span class='ocrx_word' id='word_1_122' title='bbox 725 3075 968 3174; x_wconf 88' lang='lat' dir='ltr'>propositum</span> <span class='ocrx_word' id='word_1_123' title='bbox 987 3075 1104 3173; x_wconf 89' lang='lat' dir='ltr'>hujus</span> <span class='ocrx_word' id='word_1_124' title='bbox 1122 3075 1273 3151; x_wconf 90' lang='lat' dir='ltr'>itineris</span> <span class='ocrx_word' id='word_1_125' title='bbox 1292 3100 1386 3169; x_wconf 90' lang='lat' dir='ltr'>esse,</span> 
     </span>
     <span class='ocr_line' id='line_1_21' title="bbox 275 3201 1385 3302; baseline 0.005 -29"><span class='ocrx_word' id='word_1_126' title='bbox 275 3201 513 3299; x_wconf 83' lang='lat' dir='ltr'>Sanguinem</span> <span class='ocrx_word' id='word_1_127' title='bbox 547 3203 819 3302; x_wconf 86' lang='lat' dir='ltr'>Redemptoris</span> <span class='ocrx_word' id='word_1_128' title='bbox 851 3203 986 3278; x_wconf 85' lang='lat' dir='ltr'>Nostri</span> <span class='ocrx_word' id='word_1_129' title='bbox 1012 3203 1052 3278; x_wconf 91' lang='lat' dir='ltr'>iu</span> <span class='ocrx_word' id='word_1_130' title='bbox 1082 3204 1208 3279; x_wconf 89' lang='lat' dir='ltr'>salute</span> <span class='ocrx_word' id='word_1_131' title='bbox 1239 3204 1385 3278; x_wconf 86' lang='lat' dir='ltr'>Barba·</span> 
     </span>
     <span class='ocr_line' id='line_1_22' title="bbox 204 3331 1387 3430; baseline 0.001 -27"><span class='ocrx_word' id='word_1_132' title='bbox 204 3354 208 3362; x_wconf 92' lang='lat'>·</span> <span class='ocrx_word' id='word_1_133' title='bbox 274 3355 409 3404; x_wconf 92' lang='lat' dir='ltr'>rorum</span> <span class='ocrx_word' id='word_1_134' title='bbox 452 3331 661 3408; x_wconf 90' lang='lat' dir='ltr'>honorare:</span> <span class='ocrx_word' id='word_1_135' title='bbox 715 3333 841 3408; x_wconf 91' lang='lat' dir='ltr'>eidem</span> <span class='ocrx_word' id='word_1_136' title='bbox 885 3331 1073 3408; x_wconf 83' lang='lat' dir='ltr'>servatori</span> <span class='ocrx_word' id='word_1_137' title='bbox 1118 3332 1299 3430; x_wconf 83' lang='lat' dir='ltr'>Regnum</span> <span class='ocrx_word' id='word_1_138' title='bbox 1339 3332 1387 3430; x_wconf 91' lang='lat' dir='ltr'>(si</span> 
     </span>
     <span class='ocr_line' id='line_1_23' title="bbox 275 3461 1386 3561; baseline 0.002 -27"><span class='ocrx_word' id='word_1_139' title='bbox 275 3468 435 3536; x_wconf 87' lang='lat' dir='ltr'>conatus</span> <span class='ocrx_word' id='word_1_140' title='bbox 458 3469 593 3556; x_wconf 88' lang='lat' dir='ltr'>tenues</span> <span class='ocrx_word' id='word_1_141' title='bbox 612 3465 823 3538; x_wconf 81' lang='lat' dir='ltr'>secundare</span> <span class='ocrx_word' id='word_1_142' title='bbox 848 3461 1030 3560; x_wconf 89' lang='lat' dir='ltr'>dignetur</span> <span class='ocrx_word' id='word_1_143' title='bbox 1048 3461 1223 3561; x_wconf 70' lang='lat' dir='ltr'>erigere)</span> <span class='ocrx_word' id='word_1_144' title='bbox 1246 3461 1386 3536; x_wconf 91' lang='lat' dir='ltr'>Dotem</span> 
     </span>
     <span class='ocr_line' id='line_1_24' title="bbox 276 3590 1386 3690; baseline -0.001 -24"><span class='ocrx_word' id='word_1_145' title='bbox 276 3590 440 3668; x_wconf 86' lang='lat' dir='ltr'>alteram</span> <span class='ocrx_word' id='word_1_146' title='bbox 472 3593 742 3670; x_wconf 82' lang='lat' dir='ltr'>immaculatae</span> <span class='ocrx_word' id='word_1_147' title='bbox 763 3591 921 3690; x_wconf 89' lang='lat' dir='ltr'>Virgini</span> <span class='ocrx_word' id='word_1_148' title='bbox 949 3591 1071 3666; x_wconf 89' lang='lat' dir='ltr'>Matri</span> <span class='ocrx_word' id='word_1_149' title='bbox 1100 3616 1322 3677; x_wconf 85' lang='lat' dir='ltr'>consecrare</span> <span class='ocrx_word' id='word_1_150' title='bbox 1348 3598 1386 3667; x_wconf 87' lang='lat' dir='ltr'>et</span> 
     </span>
    </p>
   </div>
   <div class='ocr_carea' id='block_1_4' title="bbox 0 0 1604 5524">
    <p class='ocr_par' dir='ltr' id='par_1_5' title="bbox 0 0 1604 5524">
     <span class='ocr_line' id='line_1_25' title="bbox 0 0 1604 5524; baseline 0 0"><span class='ocrx_word' id='word_1_151' title='bbox 0 0 1604 5524; x_wconf 95' lang='lat' dir='ltr'> </span> 
     </span>
    </p>
   </div>
  </div>
 </body>
</html>
