3198 5562
782 569 834 642 56

301 785 335 859 Ε
354 784 666 861 Protestantibus
690 782 807 878 enim,
826 808 961 859 omnes
978 783 1057 859 fere
1075 783 1142 883 qui
1169 783 1241 857 hoc
1259 807 1366 858 enno

250 915 350 992 1638
377 940 424 990 ex
455 914 588 1014 anglia
614 919 818 1008 venerunt,
848 912 993 1013 aliique
1021 912 1137 988 multi
1166 914 1216 989 ed
1243 913 1365 988 fidem

249 1044 425 1119 conversi
450 1051 552 1136 sunt,
571 1069 660 1119 cum
683 1043 718 1117 4.
747 1044 870 1119 servis
894 1067 990 1143 quos
1008 1043 1050 1117 in
1068 1042 1251 1142 Virginis
1269 1043 1365 1140 (alia

249 1173 360 1273 regni
386 1173 510 1250 nostri
537 1173 712 1269 Colonia)
739 1174 789 1249 ad
818 1197 911 1248 usus
938 1172 1175 1248 necessarios
1200 1173 1365 1248 mercati

250 1329 398 1400 sumus,
416 1313 455 1382 et
473 1303 676 1412 opificibus
702 1303 875 1403 quinque
892 1328 989 1403 quos
1015 1303 1055 1378 in
1082 1329 1255 1379 mensem
1273 1329 1363 1380 con·

249 1439 385 1512 ductos
411 1435 560 1511 interea
586 1434 668 1510 Deo
696 1433 836 1510 lucrati
865 1459 1013 1510 sumus.
1072 1434 1228 1510 Horum
1259 1461 1364 1511 unus

249 1591 327 1642 non
348 1565 416 1642 divi
434 1572 532 1665 post,
551 1589 622 1665 per
639 1571 882 1640 sacramenta
900 1565 950 1639 ad
976 1563 1223 1640 moriendum
1242 1567 1364 1663 probe

250 1693 462 1794 dispositus
480 1693 501 1768 ὲ
519 1692 602 1768 vitri
619 1691 793 1768 decessit.
828 1693 961 1791 Atque
979 1692 1020 1766 in
1038 1692 1100 1767 his
1118 1692 1276 1791 quidem
1295 1693 1365 1768 vix

250 1823 464 1924 quidquam
500 1825 689 1921 praeterea
723 1822 976 1900 memorabile
1010 1821 1195 1922 contigit:
1236 1825 1364 1923 magis
1448 1818 1453 1825 ’

250 1951 520 2029 memorabilia
546 1959 638 2028 sunt
658 1978 747 2052 quae
772 1959 999 2051 sequuntur.

301 2081 469 2172 Quidem
499 2081 610 2159 nobis
638 2082 753 2182 plane
781 2081 949 2180 ignotus,
974 2083 1043 2156 sed
1068 2081 1109 2156 in
1136 2081 1361 2158 Protestan·

249 2211 350 2289 tium
365 2210 552 2311 religione
569 2213 735 2306 fervens,
751 2213 856 2310 apud
873 2210 1067 2310 hospitem
1086 2211 1362 2288 ferventiorem

251 2367 485 2435 ommorans,
500 2342 549 2416 ab
568 2366 705 2440 angue,
721 2365 888 2440 quarum
907 2339 968 2440 his
986 2340 1027 2415 in
1047 2341 1225 2439 partibus
1240 2341 1363 2440 copia,

234 2453 414 2564 'morsus
434 2478 668 2570 praesentem
692 2477 859 2546 mortem
877 2471 1145 2569 exspectabat3
1173 2472 1276 2568 quod
1303 2470 1366 2545 in-

250 2599 431 2700 telligens
456 2626 557 2676 unus
575 2625 622 2676 ex
647 2599 801 2692 nostris,
821 2600 987 2674 adducto
1010 2624 1139 2701 secum
1158 2598 1363 2698 Ohirurgo,

252 2733 301 2808 ad
325 2755 474 2829 aegrum
493 2729 559 2828 qui
578 2730 663 2828 jam
682 2729 859 2839 semibus
878 2729 1036 2803 orbatus
1060 2729 1257 2804 ferebatur
1275 2753 1363 2804 con-

249 2859 386 2954 tendit,
413 2858 555 2934 animae
589 2858 697 2934 illius
731 2883 886 2957 quoquo
922 2860 1037 2934 modo
1067 2865 1361 2956 procuraturus.

252 2991 328 3066 Sed
354 2991 494 3089 hospes
521 3014 605 3065 rem
634 2988 888 3088 praesentiens
917 2987 1001 3087 pios
1030 2996 1191 3064 conatus
1219 2989 1363 3065 distur-

252 3120 372 3196 bavit.
438 3120 613 3219 Cirmque
640 3120 818 3194 sacerdos
849 3118 967 3193 aliam
999 3117 1151 3193 nullam
1178 3126 1363 3216 opportu-

253 3249 414 3325 nitatem
439 3257 569 3348 posset
585 3249 813 3348 excogitare,
833 3251 938 3347 apud
962 3273 1112 3346 aegrum
1137 3257 1363 3347 pernoctare

250 3379 456 3454 statuebat.
525 3380 601 3454 Sed
635 3379 706 3454 hoc
736 3377 854 3455 ctiam
889 3379 1029 3477 hospes
1057 3377 1285 3477 impedivit:
1325 3389 1364 3456 et

252 3532 300 3583 ne
326 3504 437 3584 Patri
468 3515 584 3583 noctu
612 3510 772 3584 daretur
798 3507 938 3602 aditus,
963 3511 1162 3584 custodem
1190 3511 1360 3609 assigna·
1449 3581 1450 3584 ,

253 3635 311 3712 vit
335 3635 414 3735 qui,
439 3636 536 3712 lecto
563 3645 785 3713 transverso
814 3637 904 3712 ante
930 3635 1072 3711 ostium
1101 3636 1267 3712 cubiculi
1296 3637 1362 3712 ubi
