3200 5530
844 547 893 621 19

364 759 470 837 Hinc
499 763 548 837 ad
579 749 728 837 insulas
756 762 973 839 fortunatas
1003 764 1134 858 delati,
1161 763 1258 838 Sinu
1287 785 1428 859 magno

312 890 481 989 suseepti
505 890 663 984 fuimus,
681 891 723 964 in
750 915 826 989 quo
844 891 977 967 nullus
995 900 1122 968 metus
1142 892 1217 967 nisi
1239 917 1287 967 ex
1306 890 1425 964 mala·

314 1018 395 1112 ciis,
423 1045 511 1119 quae
541 1021 630 1094 edm
658 1019 879 1119 quindecim
910 1021 1058 1114 diebus,
1086 1028 1125 1096 et
1153 1021 1285 1096 tribus
1303 1019 1425 1116 aliqu·

311 1151 413 1224 ando
431 1148 659 1247 septimanis
686 1152 908 1247 perdurent,
929 1149 1057 1225 deficit
1080 1149 1311 1247 navigantes
1329 1171 1427 1222 com·

311 1280 474 1351 meatus.
543 1275 592 1351 Id
622 1277 714 1350 vero
742 1278 830 1350 raro
859 1283 898 1352 et
927 1276 995 1352 vix
1023 1277 1164 1352 sacculo
1195 1301 1273 1350 uno
1305 1273 1426 1350 semel

311 1411 380 1481 aut
408 1403 551 1481 iterum
586 1404 735 1482 accidit.
804 1404 1135 1504 Frequentissime
1169 1403 1427 1480 nihilominus

309 1535 511 1610 trahendae
545 1538 637 1608 sunt
671 1558 802 1626 morae,
838 1533 1037 1609 deficiente
1069 1541 1185 1608 vento
1223 1535 1302 1632 qui,
1337 1532 1426 1606 eum

310 1663 444 1762 spirat,
465 1657 565 1738 unus
584 1669 623 1737 et
648 1661 752 1736 idem
771 1687 925 1760 semper
951 1670 1011 1737 est
1036 1662 1126 1737 huic
1145 1667 1289 1736 nostrae
1316 1661 1425 1734 navi·

309 1790 456 1890 gationi
486 1789 691 1889 propitius.
745 1789 793 1864 ln
820 1790 892 1864 hoc
919 1789 1008 1864 sinu
1035 1789 1270 1898 confecimus
1305 1789 1426 1863 Milli·

309 1919 438 1996 arium
472 1919 698 1996 Italicorum
735 1919 812 1994 tria
846 1919 973 1994 millia
1007 1920 1134 2018 plenis
1170 1919 1281 2014 velis,
1318 1943 1426 1992 mare

309 2055 482 2125 secantes
522 2047 702 2141 lacteum,
738 2049 931 2146 nusquam
974 2047 1212 2146 impediente
1247 2038 1424 2138 malacia,

310 2177 385 2252 nisi
412 2179 643 2276 quandoque
669 2176 770 2252 circa
792 2176 997 2251 meridiem
1025 2178 1103 2252 unt
1129 2177 1235 2253 hora.

361 2307 482 2384 Haud
514 2304 667 2381 facilem
697 2305 854 2380 invenio
880 2306 1072 2382 rationem
1100 2306 1182 2379 tam
1213 2305 1427 2380 constantis

309 2437 428 2531 venti,
448 2435 523 2512 nisi
541 2436 639 2511 forte
657 2434 698 2510 id
724 2434 818 2509 oriri
836 2434 923 2533 quis
943 2434 1085 2510 dixerit
1103 2459 1149 2509 ex
1169 2434 1315 2509 viciniat
1333 2434 1426 2508 solis

309 2567 411 2642 inter
438 2569 535 2643 duos
561 2565 730 2664 tropicos
757 2564 1062 2659 intercurrentis,
1082 2573 1122 2640 et
1148 2564 1187 2640 vi
1206 2591 1278 2640 sua
1304 2571 1424 2640 attra-

309 2695 437 2772 hentis
472 2720 519 2770 ex
553 2693 653 2769 mari
688 2696 764 2770 duo
799 2718 942 2792 genera
972 2700 1243 2787 meteororum,
1280 2693 1426 2769 siccum

310 2850 433 2901 unum
461 2849 508 2900 ex
536 2822 688 2898 marina
714 2823 918 2916 salsedine,
938 2822 1106 2898 alterum
1132 2823 1341 2899 humidum
1365 2848 1425 2898 ra·

310 2954 414 3029 tione
433 2978 564 3052 aquae:
585 2977 631 3028 ex
648 2951 771 3050 priori
789 2953 833 3026 fit
851 2957 1004 3045 ventus,
1023 2977 1070 3026 ex
1088 2952 1294 3050 posteriori
1311 2977 1427 3049 gene·

309 3088 447 3158 rantur
464 3081 632 3181 pluviae:
661 3081 719 3156 sol
743 3080 874 3179 itaque
892 3087 1102 3180 utrumque
1121 3083 1172 3158 ad
1197 3106 1238 3156 se
1256 3082 1425 3156 evehens

309 3218 504 3288 causaest
529 3236 599 3286 eur
625 3211 791 3284 eundem
818 3233 906 3284 eum
934 3209 1014 3284 sole
1041 3209 1243 3308 obliquum
1271 3190 1426 3308 semper

309 3365 467 3416 cursum
511 3344 677 3432 servent,
722 3337 920 3436 solemque
968 3340 1156 3437 perpetuo
1199 3346 1423 3438 sequantur.

310 3472 442 3567 Atque
477 3470 611 3544 eadem
646 3466 775 3567 potuit
809 3491 892 3542 esse
926 3467 1037 3561 ratio,
1074 3492 1154 3561 cur,
1189 3467 1302 3542 inter
1328 3471 1425 3543 dues

308 3597 476 3698 tropicos
496 3596 645 3696 experti
671 3620 807 3671 sumus
829 3595 1027 3693 ingentem
1051 3595 1170 3674 simul
1196 3596 1364 3674 calorem
1389 3603 1427 3672 et
